1736 2521
358 118 438 158 128
690 128 818 170 JJVY,
852 129 987 161 BOOK
1010 129 1068 161 VJ.
1096 121 1158 172 16,
1187 130 1247 173 17.

154 277 236 306 ΒΩ.
251 278 340 306 385,
357 273 373 308 §
395 279 426 302 1.·
447 272 602 302 Alanlius
619 272 647 302 is
663 273 810 303 arrcslcd
824 273 895 303 and
908 278 974 314 pul
995 273 1031 303 ln
1051 273 1178 314 prison.
1249 275 1264 311 ξ
1285 281 1312 311 3.
1344 273 1375 303 T
1371 272 1409 303 lte
1426 273 1535 314 pcople
1554 283 1613 304 arc

441 323 630 363 ina‘zgrnant,
650 324 707 354 lant
729 329 777 354 loo
800 325 934 355 lrat'ncd
955 325 991 355 in
1015 325 1175 356 obedia-nce
1197 329 1227 356 lo
1252 335 1306 355 use
1328 325 1476 355 violence.
1547 328 1562 361 ξ
1582 334 1611 364 5.

447 375 548 406 Their
571 375 781 415 indigmzlion
806 376 834 405 is
855 376 1022 407 incrcascd
1037 377 1075 416 by
1093 376 1145 407 Νη·
1170 376 1349 407 Dr'clalor's
1372 376 1533 416 lriumplz.
1581 377 1609 406 A

439 427 548 466 colony
563 427 603 468 qs
614 435 696 458 2000
713 427 846 457 vitia-us
863 427 891 457 is
911 432 982 458 sent
997 432 1027 458 to
1044 428 1224 463 Satrimm,
1242 427 1298 457 but
1319 427 1385 457 tlzz's
1403 427 1479 466 only
1493 437 1612 468 aggra-

440 483 528 509 valcs
543 478 596 509 the
611 478 798 509 discentem.
851 479 884 508 T
879 478 917 509 he
934 479 1089 510 Dictator
1102 479 1237 520 reszgrns.

138 566 211 600 ch.
223 566 283 600 16.
321 571 337 600 1
408 565 538 612 Quum
558 566 705 603 mittere
729 554 912 613 ambages
932 565 1092 603 dictator
1112 566 1255 603 iuberet
1275 572 1311 603 et
1339 572 1401 602 aut
1427 577 1610 614 peragere

350 642 481 667 verum
504 630 686 667 indicium
710 638 863 679 cogeret
887 638 950 668 aut
976 630 1080 668 fateri
1108 630 1254 668 facinus
1282 630 1488 668 insimulati
1514 630 1610 668 salso

352 696 508 732 crimine
535 702 688 733 senatus
715 695 942 745 oblataeque
971 696 1058 732 vani
1084 695 1170 733 furti
1198 696 1370 740 invidiae,
1402 702 1608 744 negantem

352 761 505 797 arbitrio
545 761 785 798 inimicorum
820 773 859 798 se
894 761 1107 798 locuturum
1141 761 1179 798 in
1214 760 1336 798 vincla
1370 760 1459 798 duci
1494 761 1608 798 iussit.

319 827 536 875 2Arreptus
574 838 596 863 a
637 827 778 864 viatore
817 825 1035 875 ‘Iuppiter'
1075 827 1195 876 inquit
1235 827 1402 876 ‘optime
1440 827 1609 863 maxime

352 892 528 941 Iunoque
559 892 692 941 regina
729 904 773 929 ac
813 891 988 929 Minerva
1027 893 1215 941 ceterique
1253 892 1290 929 di
1326 892 1508 940 deaeque,
1544 891 1609 940 qui

351 957 582 1006 Capitolium
606 969 812 1006 arcemque
840 957 1016 1002 incolitis,
1045 957 1161 994 sicine
1189 964 1351 994 vestrum
1380 957 1537 993 militem
1563 968 1634 1005 ac*

348 1022 563 1072 praesidem
597 1023 716 1059 sinitis
750 1023 878 1059 vexari
912 1023 961 1059 ab
996 1022 1184 1059 inimicis?
1225 1022 1319 1059 haec
1354 1021 1496 1066 dextra,
1533 1033 1608 1070 qua

350 1084 482 1123 Gallos
516 1085 594 1122 sudi
629 1097 651 1122 a
685 1085 850 1122 delubris
882 1085 1024 1130 vestris,
1057 1085 1133 1121 iam
1164 1085 1203 1120 in
1232 1083 1364 1121 vinclis
1395 1090 1431 1120 et
1465 1084 1608 1120 catenis

317 1160 336 1191 3
349 1151 417 1189 erit
433 1152 445 1188 ?
459 1150 467 1164 '
525 1150 675 1188 Nullius
695 1163 767 1188 nec
787 1150 887 1188 oculi
907 1163 979 1187 nec
995 1162 1106 1187 aures
1127 1149 1392 1199 indignitatem
1413 1148 1607 1193 serebant,-

349 1215 416 1253 sed
442 1217 580 1254 invicta
604 1217 673 1254 sibi
699 1216 889 1265 quaedam
910 1215 1183 1265 patientissima
1203 1215 1289 1252 iusti
1311 1213 1457 1263 imperii
1478 1214 1607 1250 civitas

348 1282 498 1327 fecerat,
529 1295 599 1319 nec
629 1282 810 1319 adversus
841 1281 1082 1319 dictatoriam
1114 1281 1190 1317 vim
1223 1287 1286 1318 aut
1316 1279 1455 1317 tribuni
1486 1279 1607 1328 plebis

347 1354 412 1385 aut
458 1348 542 1397 ipsa
585 1347 694 1397 plebs
737 1347 906 1385 attollere
947 1347 1078 1384 oculos
1117 1354 1181 1383 aut
1219 1346 1365 1383 hiscere
1403 1344 1606 1386 audebant,

315 1410 536 1448 4Coniect0
575 1411 613 1447 in
656 1422 848 1448 carcerem
888 1409 1048 1455 Manlio,
1088 1410 1178 1447 satis
1227 1415 1376 1447 constat
1423 1419 1607 1456 magnam

346 1483 491 1525 partem
521 1475 642 1525 plebis
669 1483 818 1523 xQ-em
838 1483 1015 1522 mutasse,
1045 1475 1186 1512 multos
1213 1474 1393 1512 mortales
1423 1472 1606 1522 capillum

345 1553 390 1578 ac
421 1542 580 1578 barbam
613 1541 843 1591 promisisse,
876 1541 1192 1589 obversatamque
1224 1539 1410 1577 vestibulo
1445 1538 1607 1576 carceris

312 1612 529 1644 5maestam
563 1607 724 1644 turbam.
782 1605 956 1643 Dictator
991 1606 1036 1643 de
1066 1605 1218 1643 Volscis
1253 1604 1510 1653 triumphavit,
1546 1604 1605 1640 in-

343 1672 539 1721 vidiaeque
556 1674 678 1720 magis
694 1672 906 1721 triumphus
921 1683 1036 1721 quarn
1050 1671 1193 1720 gloriae
1210 1670 1298 1715 suit;
1332 1671 1473 1719 quippe
1490 1669 1604 1714 dorni,

342 1749 422 1775 non
442 1738 594 1775 militiae
615 1745 767 1786 partum
791 1750 879 1774 eum
904 1743 1109 1786 actumque
1138 1736 1184 1773 de
1209 1736 1300 1780 cive,
1322 1747 1400 1772 non
1425 1735 1472 1771 de
1496 1734 1605 1772 hoste

342 1802 579 1849 fremebant3
618 1814 738 1840 unum
773 1802 937 1840 defuisse
968 1809 1116 1838 tantum
1147 1801 1357 1850 superbiae,
1390 1799 1495 1848 quod
1525 1811 1603 1836 non

311 1867 329 1897 6
343 1867 399 1904 M.
417 1867 585 1905 Manlius
605 1876 691 1905 ante
712 1880 865 1905 currum
887 1868 933 1905 sit
957 1867 1104 1904 ductus.
1163 1866 1324 1914 Iamque
1345 1864 1447 1901 haud
1468 1863 1604 1913 procul

341 1933 525 1970 seditione
565 1946 623 1971 res
661 1941 761 1979 erat;
810 1933 917 1970 cuius
965 1932 1165 1970 leniendae
1213 1942 1338 1975 causa,
1387 1929 1603 1979 postulante

340 1999 457 2045 nullo,
478 1999 633 2048 largitor
651 1998 884 2036 voluntarius
907 2004 1061 2047 repente
1086 2002 1239 2034 senatus
1266 1995 1388 2032 sactus
1415 1994 1602 2031 Satricum

340 2065 534 2102 coloniam
567 2065 646 2102 duo
679 2063 796 2101 millia
830 2063 967 2100 civium
1007 2061 1274 2099 Romanorum
1313 2059 1451 2097 deduci
1485 2059 1602 2096 iussit.

308 2129 438 2167 7Bina
470 2130 601 2179 iugera
634 2136 670 2167 et
703 2129 878 2166 semisses
911 2127 991 2176 agri
1025 2125 1231 2175 assignati3
1271 2125 1376 2173 quod
1412 2136 1531 2174 quum
1565 2130 1601 2160 et

339 2207 496 2244 parvum
525 2202 561 2232 et
590 2194 720 2244 paucis
749 2194 881 2231 datum
910 2200 946 2230 et
974 2191 1190 2229 mercedem
1217 2202 1298 2228 esse
1328 2188 1514 2239 prodendi
1544 2187 1600 2225 M.

307 2265 325 2294 8
340 2260 475 2298 Manlii
495 2260 839 2309 interpretarentur,
861 2258 1032 2296 remedio
1056 2256 1218 2294 irritatur
1245 2255 1392 2292 seditio.
1446 2254 1498 2290 Et
1522 2253 1600 2290 iam
