1736 2521
330 127 409 168 126
670 137 799 179 LJVY,
829 137 967 170 BOOK
990 138 1048 171 VJ.
1075 141 1139 182 14,
1170 138 1234 182 15.

124 244 207 273 3-0-
225 241 438 279 ass-licam
462 249 654 290 avertant;
684 256 729 281 ea
755 256 814 281 res
841 244 871 280 si
897 244 1022 294 palam
1050 245 1125 291 fiat,
1149 245 1291 283 exsolvi
1315 244 1468 295 plebem
1494 258 1580 284 aere

274 313 314 343 12
327 307 454 345 alieno
482 320 604 357 posse.
664 308 776 355 Quae
806 310 871 346 ubi
901 311 1052 348 obiecta
1081 322 1168 359 spes
1202 318 1269 356 est,
1298 295 1492 349 enimver‘b
1521 312 1578 348 in-

328 373 486 422 dignum
502 373 649 411 facinus
664 374 790 421 videri,
808 387 929 424 quum
949 375 1226 413 conferendum
1247 376 1295 413 ad
1315 376 1579 414 redimendam

327 439 513 476 cixitatem
535 451 557 476 a
578 438 700 477 Gallis
720 452 855 477 aurum
872 440 994 513 suerit,
1011 442 1152 478 tributo
1168 441 1411 479 collationem
1427 441 1579 488 factam,

327 504 427 542 idem
459 517 592 542 aurum
621 517 667 542 ex
697 505 894 543 hostibus
900 493 1055 562 captum
1073 506 1124 543 in
1153 519 1367 556 paucorum
1396 507 1581 556 praedam

276 576 314 606 13
329 570 494 608 cessisse.
550 570 683 619 Itaque
704 551 1019 621 exsequebantur
1032 554 1264 621 dirimendo,
1285 573 1350 609 ubi
1377 579 1502 610 tantae
1530 573 1582 610 rei

328 635 470 672 furtum
508 636 786 683 occultaretur,
837 636 1110 687 differenteque
1148 645 1185 675 et
1223 644 1394 687 tempore
1423 629 1519 676 su&
1542 650 1582 676 se

326 701 581 738 indicaturum
623 701 782 748 dicente,
824 702 958 740 ceteris
1007 703 1156 740 omissis
1203 715 1251 741 eo
1298 716 1427 741 versae
1474 711 1583 741 erant

327 767 499 804 omnium
537 778 661 813 curae,
697 768 993 818 apparebatque,
1032 781 1104 806 nec
1142 769 1220 807 veri
1258 769 1386 806 indicii
1420 769 1581 818 gratiam

328 832 494 870 mediam
525 844 596 869 nec
626 832 708 870 falsi
737 833 992 871 offensionem
1021 833 1114 872 fore.

169 1002 241 1034 Ch.
259 1002 348 1041 155
371 1012 396 1034 1.
429 1005 460 1034 T
455 1005 492 1036 lte
518 1006 680 1043 Dictator,
703 1006 843 1037 rccallcd
863 1011 893 1037 lo
917 1006 1027 1041 Rome,
1043 1017 1210 1037 summons
1233 1007 1398 1046 lilanlt'us,
1423 1007 1495 1038 and
1515 1007 1585 1038 bids
1624 991 1627 994 Ι

417 1056 487 1087 him
503 1062 612 1097 exposa·
628 1057 680 1088 the
698 1057 853 1098 cffvzdcrs
868 1058 940 1088 and
955 1058 1070 1088 relieve
1085 1058 1138 1089 tlte
1152 1060 1271 1099 μυρία.
1342 1062 1358 1096 ξ
1379 1067 1405 1100 7.
1430 1059 1585 1089 Alanlius

417 1108 532 1148 replics
544 1109 625 1139 willz
641 1120 661 1139 a
672 1109 770 1140 bz'llcr
783 1110 888 1140 attat-l„-
903 1120 944 1140 on
960 1109 1012 1140 lllc
1029 1110 1183 1141 Dictalor
1198 1121 1235 1140 as
1250 1110 1302 1141 the
1318 1111 1381 1142 τοο]
1394 1111 1434 1152 of
1440 1115 1585 1142 senators

415 1160 486 1190 and
498 1171 642 1191 usurcrs.

300 1284 315 1312 1
385 1277 445 1315 Ita
482 1272 675 1328 suspensis
712 1266 834 1326 rebus,
871 1280 1031 1318 dictator
1070 1280 1214 1318 accitus
1253 1281 1302 1318 ab
1341 1280 1507 1318 exercitu
1546 1280 1584 1317 in

330 1344 465 1380 urbem
506 1345 616 1382 venit.
685 1344 844 1383 Postero
882 1346 941 1383 die
981 1353 1114 1383 senatu
1151 1345 1294 1392 habito,
1335 1358 1455 1396 quum
1495 1346 1584 1384 satis

330 1409 561 1458 periclitatus
581 1410 794 1448 voluntates
817 1410 1018 1448 hominum
1046 1411 1239 1448 discedere
1267 1418 1442 1448 senatum
1470 1412 1520 1449 ab
1545 1423 1585 1449 se

299 1475 518 1522 2vetuisset,
542 1475 701 1524 stipatus
723 1488 768 1513 ea
797 1476 1048 1522 multitudine,
1080 1477 1171 1513 sella
1197 1477 1236 1513 in
1264 1477 1421 1514 comitio
1448 1477 1583 1526 posita,

331 1540 515 1577 viatorem
553 1540 601 1577 ad
640 1540 695 1578 M.
736 1540 926 1578 Manlium
964 1542 1088 1587 misit;
1137 1543 1201 1590 qui
1245 1542 1440 1580 dictatoris
1483 1543 1587 1580 iussu

47 1601 219 1643 ssecc'zbe'.
332 1611 500 1652 vocatus,
540 1617 659 1655 quum
694 1607 847 1656 signum
886 1607 962 1644 suis
1000 1607 1177 1651 dedisset,
1213 1607 1345 1644 adesse
1380 1615 1585 1653 certamen,

300 1671 489 1719 augmine
522 1671 668 1720 ingenti
702 1672 751 1709 ad
785 1673 949 1709 tribunal
983 1674 1092 1710 venit.
1152 1672 1257 1710 Hinc
1297 1680 1462 1719 senatus,
1499 1673 1588 1711 hinc

333 1737 453 1785 plebs,
479 1748 590 1774 suum
617 1737 778 1786 quisque
805 1739 994 1776 intuentes
1021 1739 1170 1783 ducem,
1195 1739 1296 1776 velut
1323 1739 1361 1775 in
1385 1739 1466 1776 acie
1494 1751 1588 1776 con-

301 1814 317 1843 4
334 1802 513 1839 stiterant.
572 1801 679 1839 Tum
706 1803 878 1850 dictator,
908 1804 1055 1841 silentio
1082 1804 1194 1850 facto,
1223 1803 1423 1841 ‘Utinam’
1452 1804 1587 1853 inquit,

335 1867 449 1903 ‘mihi
470 1867 718 1917 patribusque
742 1867 930 1906 Romanis
950 1869 1000 1906 ita
1022 1869 1068 1906 de
1089 1870 1223 1906 ceteris
1243 1870 1357 1906 rebus
1376 1882 1465 1906 cum
1479 1869 1590 1919 plebe

333 1933 547 1979 conveniat,
566 1933 910 1982 quemadmodum,
929 1934 1033 1985 quod
1049 1934 1098 1971 ad
1113 1941 1148 1972 te
1168 1935 1299 1972 attinet
1317 1947 1480 1984 eamque
1497 1947 1588 1981 rem,

335 2010 451 2046 quam
475 1997 522 2035 de
549 2005 585 2035 te
610 2010 695 2035 sum
722 2000 975 2048 quaesiturus,
1005 2006 1281 2037 conventurum
1308 2001 1398 2037 satis
1422 2000 1590 2038 confido.

303 2069 321 2097 5
338 2063 453 2111 Spem
474 2062 614 2100 factam
635 2076 658 2100 a
677 2070 714 2100 te
735 2065 872 2101 civitati
892 2065 1014 2111 video,
1038 2065 1111 2102 fide
1131 2065 1314 2103 incolumi
1335 2077 1383 2102 ex
1403 2065 1592 2103 thesauris

297 2153 302 2159 -
337 2127 506 2174 Gallicis,
538 2140 636 2178 quos
660 2129 847 2177 primores
873 2137 1023 2179 patrum
1053 2129 1257 2182 occulte-nt,
1285 2116 1470 2169 {reditum
1498 2130 1591 2168 solvi

338 2204 462 2241 posse.
520 2193 592 2230 Cui
611 2206 686 2242 ego
707 2194 757 2231 rei
777 2201 923 2232 tantum
948 2196 1054 2232 abest
1077 2202 1118 2232 ut
1144 2196 1420 2245 impedimento
1446 2197 1530 2243 sim,
1551 2202 1594 2233 ut

336 2265 470 2294 contra
507 2264 555 2303 te,
597 2257 653 2296 M.
692 2257 826 2307 Manli,
869 2260 1059 2308 adhorter‚
1097 2261 1234 2299 liberes
1270 2260 1402 2300 fenore
1441 2261 1593 2311 plebem

95 2140 104 2153 ι
148 2119 237 2152 ιφ]

156 2172 202 2182 ,ιν
