1736 2521
367 115 446 164 158
717 122 846 163 LJVY,
877 122 1014 154 BOOK
1037 122 1096 154 VJ.
1119 123 1186 169 37,
1209 112 1276 169 38.

162 230 243 259 B-C·
261 232 350 260 369-
367 226 474 265 Calvi
503 229 750 274 tribunatum,
776 229 841 278 qui
866 229 1010 278 primus
1039 242 1085 266 ex
1110 229 1219 279 plebe
1248 235 1396 266 creatus
1425 229 1482 274 sit,
1503 241 1619 278 quam

365 306 433 343 per
461 307 528 332 eos
558 307 682 333 annos
712 303 819 344 gesta
851 295 907 341 sit,
943 296 1081 344 quibus
1113 302 1261 344 praeter
1293 295 1472 344 patricios
1504 306 1620 332 nemo

332 359 537 397 9tribunus
575 361 737 397 militum
775 360 910 397 suerit?
957 361 1050 410 quin
1088 367 1221 398 contra
1259 360 1438 409 patricios
1476 359 1621 409 aliquot

365 424 567 463 damnatos
604 433 690 474 post
727 426 973 470 tribunatum,
1013 426 1206 463 neminem
1233 425 1434 475 plebeium.
1490 424 1620 471 Quae-

365 499 484 528 stores
505 502 672 540 quoque,
695 491 791 528 sicut
811 491 982 529 tribunos
995 491 1168 537 militum,
1184 491 1316 540 paucis
1336 497 1423 528 ante
1443 491 1554 528 annis
1573 502 1620 527 ex

365 557 475 606 plebe
496 564 652 606 coeptos
672 557 802 599 creari,
823 569 894 594 nec
915 557 1026 594 ullius
1047 569 1182 595 eorum
1198 556 1382 606 populum
1399 555 1621 594 Romanum

314 637 353 666 10
367 623 608 672 paenituisse.
668 622 921 660 Consulatum
960 634 1157 672 superesse
1195 622 1378 672 plebeiis3
1419 633 1505 659 eam
1539 633 1622 658 esse

365 700 493 725 arcem
521 687 712 732 libertatis,
743 687 781 724 id
811 687 1000 725 columen.
1058 687 1096 724 Si
1131 699 1178 724 eo
1207 694 1431 736 perventum
1456 687 1513 733 sit,
1541 693 1623 723 turn

365 753 550 802 populum
572 752 795 789 Romanum
815 765 900 790 vere
921 760 1076 790 exactos
1096 765 1142 790 ex
1165 753 1257 789 urbe
1273 764 1381 801 reges
1396 759 1433 789 et
1449 751 1622 789 stabilem

312 817 576 856 Illibertatem
614 830 722 855 suam
759 818 1084 864 existimaturu1n;
1123 818 1264 867 quippe
1301 830 1348 854 ex
1387 817 1449 853 illa
1487 816 1546 854 die
1584 816 1623 852 in

363 883 516 934 plebem
534 890 693 920 ventura
713 884 855 928 omnia,
877 884 1015 933 quibus
1034 883 1179 933 patricii
1200 882 1396 928 excellant,
1420 881 1622 932 imperium

365 956 478 999 atque
504 949 701 994 honorem,
727 949 890 997 gloriam
919 948 1017 991 belli,
1043 961 1176 997 genus,
1205 948 1454 992 nobilitatem,
1481 958 1624 995 magna

312 1023 350 1053 12
366 1015 455 1065 ipsis
478 1014 649 1061 fruenda,
679 1015 824 1052 maiora
854 1014 979 1052 liberis
1002 1014 1263 1063 relinquenda.
1321 1014 1448 1050 Huius
1473 1012 1624 1062 generis

364 1081 556 1118 orationes
580 1081 644 1117 ubi
674 1080 796 1129 accipi
830 1081 968 1126 videre,
1003 1092 1144 1117 novam
1178 1079 1422 1128 rogationem
1453 1077 1621 1128 promul-

362 1154 467 1195 gant,
489 1153 530 1183 ut
549 1159 619 1195 pro
640 1146 848 1184 duumviris
870 1146 984 1183 sacris
1005 1145 1195 1183 faciundis
1216 1144 1421 1182 decemviri
1436 1153 1619 1187 creentur,

362 1212 415 1248 ita
437 1218 478 1248 ut
501 1223 590 1260 pars
616 1224 663 1248 ex
697 1212 819 1260 plebe,
852 1224 938 1260 pars
969 1224 1016 1248 ex
1049 1211 1219 1260 patribus
1254 1210 1340 1256 fiat;
1371 1209 1622 1257 omniumque

362 1289 494 1314 earum
533 1277 777 1326 rogationum
813 1277 967 1314 comitia
1006 1277 1044 1313 in
1079 1276 1285 1314 adventum
1316 1275 1396 1313 eius
1434 1274 1622 1312 exercitus

362 1343 550 1387 differunt,
571 1343 635 1392 qui
655 1341 820 1379 Velitras
840 1341 1048 1379 obsidebat.

193 1435 264 1467 Ch,
283 1433 348 1467 38,
367 1431 400 1462 T
395 1431 434 1461 lte
454 1430 597 1470 struggle
616 1439 692 1460 over
710 1429 794 1459 these
814 1429 896 1458 laws
914 1429 942 1458 is
963 1439 996 1458 so
1029 1438 1107 1458 [ενα-
1122 1427 1195 1458 that
1215 1427 1379 1458 Camillus
1401 1426 1430 1457 is
1452 1426 1626 1467 appointed

448 1482 628 1519 Diclalor;
650 1481 702 1511 the
724 1480 885 1511 Tribuncs
899 1479 940 1520 os
954 1480 1006 1509 llic
1016 1479 1104 1519 plebs
1126 1478 1234 1520 rqfusc
1251 1483 1280 1509 lo
1302 1478 1380 1509 ltced
1393 1478 1446 1509 llze
1459 1482 1538 1514 veto,
1554 1477 1626 1508 and

451 1533 616 1564 Camillus
630 1531 901 1572 thrcalcnsfhrcc,
920 1531 977 1561 hut
986 1531 1153 1570 prescntly
1169 1531 1303 1571 rcstgrns.

332 1601 348 1631 1
417 1597 526 1634 Prius
555 1597 809 1634 circumactus
838 1602 893 1632 est
923 1607 1058 1641 annus,
1091 1607 1207 1644 quam
1237 1607 1259 1632 a
1283 1594 1436 1631 Velitris
1464 1594 1621 1631 reduee-

362 1670 490 1700 rentur
509 1662 703 1711 legiones;
733 1661 784 1698 ita
805 1672 990 1710 suspensa
1011 1660 1058 1697 de
1083 1659 1231 1709 legibus
1252 1672 1310 1696 res
1339 1659 1388 1696 ad
1418 1671 1538 1697 novos
1560 1659 1620 1696 tri-

360 1729 486 1765 bunos
506 1728 668 1764 militum
699 1727 836 1772 dilata,
868 1738 958 1762 nam
988 1725 1109 1775 plebis
1139 1725 1314 1762 tribunos
1335 1724 1504 1770 eosdem,
1525 1723 1622 1761 duos

361 1794 501 1842 utique,
525 1793 589 1842 qui
609 1793 738 1841 legum
758 1791 896 1828 latores
916 1797 1034 1836 erant,
1055 1790 1186 1840 plebes
1206 1789 1406 1827 reficiebat.
1457 1788 1622 1826 Tribuni

158 1871 242 1900 nc.
259 1859 524 1899 368.militum
545 1859 659 1896 creati
680 1858 728 1895 T.
751 1857 966 1903 Quinctius,
990 1856 1067 1893 Ser.
1087 1855 1299 1901 Cornelius,
1318 1854 1396 1892 Ser.
1419 1854 1620 1904 Sulpicius,

329 1924 428 1974 QSp.
461 1923 648 1969 Servilius,
680 1922 723 1959 L.
754 1922 937 1971 Papirius,
969 1921 1013 1958 L.
1035 1921 1225 1958 Veturius.
1283 1919 1475 1969 Principio
1495 1919 1621 1957 statim

329 1990 451 2029 3anni
491 1989 539 2026 ad
577 1989 751 2025 ultimam
791 1987 1075 2025 dimicationem
1110 1986 1157 2023 de
1192 1986 1340 2035 legibus
1374 1991 1553 2031 ventum3
1584 1991 1621 2022 et

361 2067 480 2104 quum
508 2054 628 2090 tribus
657 2060 883 2090 vocarentur
912 2064 982 2089 nec
1012 2051 1232 2088 intercessio
1261 2050 1496 2099 collegarum
1525 2049 1620 2086 lato-

358 2121 460 2157 ribus
480 2119 659 2164 obstaret‚
680 2118 816 2167 trepidi
845 2124 972 2167 patres
998 2116 1047 2153 ad
1074 2116 1152 2154 duo
1177 2115 1310 2153 ultima
1339 2115 1489 2161 auxilia,
1517 2126 1619 2151 sum-

327 2194 345 2224 4
361 2197 467 2222 mum
488 2184 691 2233 imperium
712 2195 982 2231 summumque
1004 2178 1088 2234 [ad]
1109 2181 1230 2219 civem
1251 2181 1469 2219 decurrunt.
1527 2178 1618 2216 Dic-

359 2258 521 2288 tatorem
558 2249 633 2287 dici
675 2248 800 2299 placet
811 2261 821 2296 3
870 2249 1006 2286 dicitur
1044 2247 1100 2286 M.
1139 2246 1276 2285 Furius
1315 2244 1512 2292 Camillus,
1553 2243 1619 2292 qui
