<?xml version="1.0" encoding="UTF-8"?>
<!DOCTYPE html PUBLIC "-//W3C//DTD XHTML 1.0 Transitional//EN"
    "http://www.w3.org/TR/xhtml1/DTD/xhtml1-transitional.dtd">
<html xmlns="http://www.w3.org/1999/xhtml" xml:lang="en" lang="en">
 <head>
  <title>
</title>
<meta http-equiv="Content-Type" content="text/html;charset=utf-8" />
  <meta name='ocr-system' content='tesseract 3.04.00' />
  <meta name='ocr-capabilities' content='ocr_page ocr_carea ocr_par ocr_line ocrx_word'/>
</head>
<body>
  <div class='ocr_page' id='page_1' title='image "./booksvvivii00livyuoft_0177.png"; bbox 0 0 1637 2554; ppageno 0'>
   <div class='ocr_carea' id='block_1_1' title="bbox 453 133 1321 180">
    <p class='ocr_par' dir='ltr' id='par_1_1' title="bbox 453 133 1321 180">
     <span class='ocr_line' id='line_1_1' title="bbox 453 133 1321 180; baseline 0.001 -15"><span class='ocrx_word' id='word_1_1' title='bbox 453 133 628 166; x_wconf 84' lang='lat' dir='ltr'><em>TRIALS</em></span> <span class='ocrx_word' id='word_1_2' title='bbox 653 133 746 166; x_wconf 77' lang='lat' dir='ltr'>FOR</span> <span class='ocrx_word' id='word_1_3' title='bbox 776 133 927 167; x_wconf 85' lang='lat' dir='ltr'><em>DEBT.</em></span> <span class='ocrx_word' id='word_1_4' title='bbox 1241 138 1321 180; x_wconf 89' lang='lat'>149</span> 
     </span>
    </p>
   </div>
   <div class='ocr_carea' id='block_1_2' title="bbox 66 206 1528 1340">
    <p class='ocr_par' dir='ltr' id='par_1_2' title="bbox 66 206 1528 1340">
     <span class='ocr_line' id='line_1_2' title="bbox 66 206 1528 291; baseline -0.001 -13"><span class='ocrx_word' id='word_1_5' title='bbox 66 240 228 291; x_wconf 86' lang='lat' dir='ltr'>pecunia</span> <span class='ocrx_word' id='word_1_6' title='bbox 256 239 399 278; x_wconf 86' lang='lat' dir='ltr'>credita</span> <span class='ocrx_word' id='word_1_7' title='bbox 428 239 624 278; x_wconf 81' lang='lat' dir='ltr'><strong>diceretur.</strong></span> <span class='ocrx_word' id='word_1_8' title='bbox 682 240 743 279; x_wconf 91' lang='lat' dir='ltr'>Eo</span> <span class='ocrx_word' id='word_1_9' title='bbox 777 206 997 278; x_wconf 39' lang='lat' dir='ltr'>1333&amp;an</span> <span class='ocrx_word' id='word_1_10' title='bbox 1026 239 1128 291; x_wconf 87' lang='lat' dir='ltr'>plebi</span> <span class='ocrx_word' id='word_1_11' title='bbox 1157 248 1322 290; x_wconf 87' lang='lat' dir='ltr'>sumpto,</span> <span class='ocrx_word' id='word_1_12' title='bbox 1337 249 1421 278; x_wconf 56' lang='lat' dir='ltr'>ac.</span> <span class='ocrx_word' id='word_1_13' title='bbox 1439 248 1528 278; x_wconf 83' lang='lat'><strong>3¹78.</strong></span> 
     </span>
     <span class='ocr_line' id='line_1_3' title="bbox 66 298 1355 356; baseline 0.001 -13"><span class='ocrx_word' id='word_1_14' title='bbox 66 319 177 344; x_wconf 89' lang='lat' dir='ltr'>mora</span> <span class='ocrx_word' id='word_1_15' title='bbox 205 306 355 344; x_wconf 88' lang='lat' dir='ltr'>dilectui</span> <span class='ocrx_word' id='word_1_16' title='bbox 383 318 464 344; x_wconf 88' lang='lat' dir='ltr'>non</span> <span class='ocrx_word' id='word_1_17' title='bbox 492 314 550 344; x_wconf 90' lang='lat' dir='ltr'>est</span> <span class='ocrx_word' id='word_1_18' title='bbox 584 306 695 344; x_wconf 87' lang='lat' dir='ltr'>facta.</span> <span class='ocrx_word' id='word_1_19' title='bbox 752 305 988 356; x_wconf 87' lang='lat' dir='ltr'>Legionibus</span> <span class='ocrx_word' id='word_1_20' title='bbox 1021 306 1129 345; x_wconf 89' lang='lat' dir='ltr'>novis</span> <span class='ocrx_word' id='word_1_21' title='bbox 1164 298 1355 356; x_wconf 84' lang='lat' dir='ltr'>scriptis‚5</span> 
     </span>
     <span class='ocr_line' id='line_1_4' title="bbox 67 371 1324 422; baseline -0.001 -13"><span class='ocrx_word' id='word_1_22' title='bbox 67 372 206 422; x_wconf 80' lang='lat' dir='ltr'>placuit</span> <span class='ocrx_word' id='word_1_23' title='bbox 221 372 318 410; x_wconf 91' lang='lat' dir='ltr'>duos</span> <span class='ocrx_word' id='word_1_24' title='bbox 337 371 524 409; x_wconf 87' lang='lat' dir='ltr'>exercitus</span> <span class='ocrx_word' id='word_1_25' title='bbox 545 372 585 408; x_wconf 92' lang='lat' dir='ltr'>in</span> <span class='ocrx_word' id='word_1_26' title='bbox 604 383 739 420; x_wconf 83' lang='lat' dir='ltr'>agrum</span> <span class='ocrx_word' id='word_1_27' title='bbox 752 371 939 409; x_wconf 87' lang='lat' dir='ltr'>Volscum</span> <span class='ocrx_word' id='word_1_28' title='bbox 959 371 1175 421; x_wconf 70' lang='lat' dir='ltr'>legionibus</span> <span class='ocrx_word' id='word_1_29' title='bbox 1196 371 1324 409; x_wconf 84' lang='lat' dir='ltr'>divisis</span> 
     </span>
     <span class='ocr_line' id='line_1_5' title="bbox 67 436 1324 486; baseline 0 -12"><span class='ocrx_word' id='word_1_30' title='bbox 67 438 167 475; x_wconf 86' lang='lat' dir='ltr'>duci.</span> <span class='ocrx_word' id='word_1_31' title='bbox 224 436 288 486; x_wconf 91' lang='lat' dir='ltr'>Sp.</span> <span class='ocrx_word' id='word_1_32' title='bbox 310 436 455 482; x_wconf 89' lang='lat' dir='ltr'>Furius,</span> <span class='ocrx_word' id='word_1_33' title='bbox 477 436 533 474; x_wconf 90' lang='lat' dir='ltr'>M.</span> <span class='ocrx_word' id='word_1_34' title='bbox 559 437 746 474; x_wconf 84' lang='lat' dir='ltr'>Horatius</span> <span class='ocrx_word' id='word_1_35' title='bbox 774 437 995 475; x_wconf 79' lang='lat' dir='ltr'>dextrorsus</span> <span class='ocrx_word' id='word_1_36' title='bbox 1024 438 1063 474; x_wconf 84' lang='lat' dir='ltr'>in</span> <span class='ocrx_word' id='word_1_37' title='bbox 1092 437 1324 474; x_wconf 86' lang='lat' dir='ltr'>maritimam</span> 
     </span>
     <span class='ocr_line' id='line_1_6' title="bbox 67 501 1324 552; baseline 0 -12"><span class='ocrx_word' id='word_1_38' title='bbox 67 515 176 541; x_wconf 87' lang='lat' dir='ltr'>oram</span> <span class='ocrx_word' id='word_1_39' title='bbox 202 510 314 552; x_wconf 90' lang='lat' dir='ltr'>atque</span> <span class='ocrx_word' id='word_1_40' title='bbox 340 503 510 547; x_wconf 91' lang='lat' dir='ltr'>Antium,</span> <span class='ocrx_word' id='word_1_41' title='bbox 533 501 582 549; x_wconf 86' lang='lat' dir='ltr'>Q.</span> <span class='ocrx_word' id='word_1_42' title='bbox 606 501 783 540; x_wconf 76' lang='lat' dir='ltr'>Servilius</span> <span class='ocrx_word' id='word_1_43' title='bbox 803 510 838 540; x_wconf 92' lang='lat' dir='ltr'>et</span> <span class='ocrx_word' id='word_1_44' title='bbox 859 502 902 540; x_wconf 93' lang='lat' dir='ltr'>L.</span> <span class='ocrx_word' id='word_1_45' title='bbox 924 501 1122 552; x_wconf 83' lang='lat' dir='ltr'>Geganius</span> <span class='ocrx_word' id='word_1_46' title='bbox 1147 502 1254 540; x_wconf 82' lang='lat' dir='ltr'>laeva</span> <span class='ocrx_word' id='word_1_47' title='bbox 1274 503 1324 540; x_wconf 89' lang='lat' dir='ltr'>ad</span> 
     </span>
     <span class='ocr_line' id='line_1_7' title="bbox 67 567 1320 618; baseline 0.001 -14"><span class='ocrx_word' id='word_1_48' title='bbox 67 576 218 606; x_wconf 88' lang='lat' dir='ltr'>montes</span> <span class='ocrx_word' id='word_1_49' title='bbox 232 569 411 606; x_wconf 83' lang='lat' dir='ltr'>Ecetram</span> <span class='ocrx_word' id='word_1_50' title='bbox 430 574 605 618; x_wconf 87' lang='lat' dir='ltr'>pergunt.</span> <span class='ocrx_word' id='word_1_51' title='bbox 653 567 800 606; x_wconf 87' lang='lat' dir='ltr'>Neutra</span> <span class='ocrx_word' id='word_1_52' title='bbox 820 576 925 618; x_wconf 87' lang='lat' dir='ltr'>parte</span> <span class='ocrx_word' id='word_1_53' title='bbox 946 568 1066 606; x_wconf 88' lang='lat' dir='ltr'>hostis</span> <span class='ocrx_word' id='word_1_54' title='bbox 1087 569 1222 606; x_wconf 87' lang='lat' dir='ltr'>obvius</span> <span class='ocrx_word' id='word_1_55' title='bbox 1243 568 1320 606; x_wconf 88' lang='lat' dir='ltr'>suit.</span> 
     </span>
     <span class='ocr_line' id='line_1_8' title="bbox 68 634 1354 685; baseline -0.001 -14"><span class='ocrx_word' id='word_1_56' title='bbox 68 634 268 684; x_wconf 90' lang='lat' dir='ltr'>Populatio</span> <span class='ocrx_word' id='word_1_57' title='bbox 305 635 432 683; x_wconf 88' lang='lat' dir='ltr'>itaque</span> <span class='ocrx_word' id='word_1_58' title='bbox 470 647 550 672; x_wconf 90' lang='lat' dir='ltr'>non</span> <span class='ocrx_word' id='word_1_59' title='bbox 588 634 639 672; x_wconf 90' lang='lat' dir='ltr'>illi</span> <span class='ocrx_word' id='word_1_60' title='bbox 672 647 792 684; x_wconf 86' lang='lat' dir='ltr'>vagae</span> <span class='ocrx_word' id='word_1_61' title='bbox 830 635 973 680; x_wconf 91' lang='lat' dir='ltr'>similis,</span> <span class='ocrx_word' id='word_1_62' title='bbox 1007 647 1124 685; x_wconf 87' lang='lat' dir='ltr'>quam</span> <span class='ocrx_word' id='word_1_63' title='bbox 1157 635 1354 672; x_wconf 87' lang='lat' dir='ltr'>Volscus6</span> 
     </span>
     <span class='ocr_line' id='line_1_9' title="bbox 68 699 1321 746; baseline 0 -10"><span class='ocrx_word' id='word_1_64' title='bbox 68 700 251 738; x_wconf 84' lang='lat' dir='ltr'>latrocinii</span> <span class='ocrx_word' id='word_1_65' title='bbox 292 712 410 746; x_wconf 90' lang='lat' dir='ltr'>more,</span> <span class='ocrx_word' id='word_1_66' title='bbox 450 699 662 737; x_wconf 82' lang='lat' dir='ltr'>discordiae</span> <span class='ocrx_word' id='word_1_67' title='bbox 709 699 877 738; x_wconf 92' lang='lat' dir='ltr'>hostium</span> <span class='ocrx_word' id='word_1_68' title='bbox 916 700 1032 738; x_wconf 89' lang='lat' dir='ltr'>fretus</span> <span class='ocrx_word' id='word_1_69' title='bbox 1070 707 1107 737; x_wconf 93' lang='lat' dir='ltr'>et</span> <span class='ocrx_word' id='word_1_70' title='bbox 1144 701 1321 738; x_wconf 80' lang='lat' dir='ltr'>virtutem</span> 
     </span>
     <span class='ocr_line' id='line_1_10' title="bbox 67 765 1322 815; baseline 0 -13"><span class='ocrx_word' id='word_1_71' title='bbox 67 772 253 811; x_wconf 87' lang='lat' dir='ltr'>metuens,</span> <span class='ocrx_word' id='word_1_72' title='bbox 282 778 350 815; x_wconf 91' lang='lat' dir='ltr'>per</span> <span class='ocrx_word' id='word_1_73' title='bbox 380 765 671 815; x_wconf 83' lang='lat' dir='ltr'>trepidationem</span> <span class='ocrx_word' id='word_1_74' title='bbox 701 766 837 815; x_wconf 87' lang='lat' dir='ltr'>raptim</span> <span class='ocrx_word' id='word_1_75' title='bbox 866 765 1015 811; x_wconf 86' lang='lat' dir='ltr'>fecerat,</span> <span class='ocrx_word' id='word_1_76' title='bbox 1047 765 1114 803; x_wconf 90' lang='lat' dir='ltr'>sed</span> <span class='ocrx_word' id='word_1_77' title='bbox 1143 766 1192 803; x_wconf 92' lang='lat' dir='ltr'>ab</span> <span class='ocrx_word' id='word_1_78' title='bbox 1220 767 1322 802; x_wconf 90' lang='lat' dir='ltr'>iusto</span> 
     </span>
     <span class='ocr_line' id='line_1_11' title="bbox 67 830 1320 881; baseline 0 -13"><span class='ocrx_word' id='word_1_79' title='bbox 67 830 237 868; x_wconf 88' lang='lat' dir='ltr'>exercitu</span> <span class='ocrx_word' id='word_1_80' title='bbox 265 831 361 867; x_wconf 90' lang='lat' dir='ltr'>iusta</span> <span class='ocrx_word' id='word_1_81' title='bbox 389 831 444 867; x_wconf 87' lang='lat' dir='ltr'>ira</span> <span class='ocrx_word' id='word_1_82' title='bbox 471 830 582 876; x_wconf 89' lang='lat' dir='ltr'>facta,</span> <span class='ocrx_word' id='word_1_83' title='bbox 613 830 735 880; x_wconf 84' lang='lat' dir='ltr'>spatio</span> <span class='ocrx_word' id='word_1_84' title='bbox 764 843 920 880; x_wconf 90' lang='lat' dir='ltr'>quoque</span> <span class='ocrx_word' id='word_1_85' title='bbox 950 831 1132 881; x_wconf 88' lang='lat' dir='ltr'>temporis</span> <span class='ocrx_word' id='word_1_86' title='bbox 1160 831 1320 881; x_wconf 81' lang='lat' dir='ltr'>gravior.</span> 
     </span>
     <span class='ocr_line' id='line_1_12' title="bbox 69 895 1354 945; baseline 0.002 -13"><span class='ocrx_word' id='word_1_87' title='bbox 69 895 223 945; x_wconf 87' lang='lat' dir='ltr'>Quippe</span> <span class='ocrx_word' id='word_1_88' title='bbox 255 908 278 933; x_wconf 90' lang='lat' dir='ltr'>a</span> <span class='ocrx_word' id='word_1_89' title='bbox 309 895 472 942; x_wconf 83' lang='lat' dir='ltr'>Volscis,</span> <span class='ocrx_word' id='word_1_90' title='bbox 511 896 742 942; x_wconf 89' lang='lat' dir='ltr'>timentibus,</span> <span class='ocrx_word' id='word_1_91' title='bbox 778 909 826 934; x_wconf 90' lang='lat' dir='ltr'>ne</span> <span class='ocrx_word' id='word_1_92' title='bbox 864 897 1014 933; x_wconf 89' lang='lat' dir='ltr'>interim</span> <span class='ocrx_word' id='word_1_93' title='bbox 1052 897 1239 934; x_wconf 83' lang='lat' dir='ltr'>exercitus</span> <span class='ocrx_word' id='word_1_94' title='bbox 1273 897 1354 936; x_wconf 75' lang='lat' dir='ltr'>ab?</span> 
     </span>
     <span class='ocr_line' id='line_1_13' title="bbox 70 960 1320 1007; baseline 0.001 -10"><span class='ocrx_word' id='word_1_95' title='bbox 70 960 197 999; x_wconf 88' lang='lat' dir='ltr'>Roma</span> <span class='ocrx_word' id='word_1_96' title='bbox 216 961 343 1007; x_wconf 89' lang='lat' dir='ltr'>exiret,</span> <span class='ocrx_word' id='word_1_97' title='bbox 365 962 600 999; x_wconf 86' lang='lat' dir='ltr'>incursiones</span> <span class='ocrx_word' id='word_1_98' title='bbox 629 962 669 998; x_wconf 87' lang='lat' dir='ltr'>in</span> <span class='ocrx_word' id='word_1_99' title='bbox 693 968 862 999; x_wconf 80' lang='lat' dir='ltr'>extrema</span> <span class='ocrx_word' id='word_1_100' title='bbox 891 962 1023 998; x_wconf 88' lang='lat' dir='ltr'>finium</span> <span class='ocrx_word' id='word_1_101' title='bbox 1052 961 1171 999; x_wconf 87' lang='lat' dir='ltr'>factae</span> <span class='ocrx_word' id='word_1_102' title='bbox 1191 969 1297 999; x_wconf 86' lang='lat' dir='ltr'>erant</span> <span class='ocrx_word' id='word_1_103' title='bbox 1311 974 1320 1007; x_wconf 86' lang='lat'>;</span> 
     </span>
     <span class='ocr_line' id='line_1_14' title="bbox 69 1026 1322 1073; baseline 0.001 -10"><span class='ocrx_word' id='word_1_104' title='bbox 69 1026 251 1065; x_wconf 87' lang='lat' dir='ltr'>Romano</span> <span class='ocrx_word' id='word_1_105' title='bbox 270 1035 402 1066; x_wconf 84' lang='lat' dir='ltr'>contra</span> <span class='ocrx_word' id='word_1_106' title='bbox 430 1029 544 1066; x_wconf 84' lang='lat' dir='ltr'>etiam</span> <span class='ocrx_word' id='word_1_107' title='bbox 572 1028 612 1064; x_wconf 89' lang='lat' dir='ltr'>in</span> <span class='ocrx_word' id='word_1_108' title='bbox 640 1028 794 1066; x_wconf 88' lang='lat' dir='ltr'>hostico</span> <span class='ocrx_word' id='word_1_109' title='bbox 822 1028 999 1065; x_wconf 86' lang='lat' dir='ltr'>morandi</span> <span class='ocrx_word' id='word_1_110' title='bbox 1026 1040 1143 1065; x_wconf 84' lang='lat' dir='ltr'>causa</span> <span class='ocrx_word' id='word_1_111' title='bbox 1169 1035 1259 1073; x_wconf 85' lang='lat' dir='ltr'>erat,</span> <span class='ocrx_word' id='word_1_112' title='bbox 1280 1033 1322 1064; x_wconf 91' lang='lat' dir='ltr'>ut</span> 
     </span>
     <span class='ocr_line' id='line_1_15' title="bbox 68 1092 1354 1142; baseline 0 -13"><span class='ocrx_word' id='word_1_113' title='bbox 68 1092 218 1130; x_wconf 83' lang='lat' dir='ltr'>hostem</span> <span class='ocrx_word' id='word_1_114' title='bbox 257 1093 306 1130; x_wconf 89' lang='lat' dir='ltr'>ad</span> <span class='ocrx_word' id='word_1_115' title='bbox 343 1100 536 1131; x_wconf 87' lang='lat' dir='ltr'>certamen</span> <span class='ocrx_word' id='word_1_116' title='bbox 574 1093 730 1131; x_wconf 86' lang='lat' dir='ltr'>eliceret.</span> <span class='ocrx_word' id='word_1_117' title='bbox 788 1093 921 1142; x_wconf 91' lang='lat' dir='ltr'>Itaque</span> <span class='ocrx_word' id='word_1_118' title='bbox 960 1093 1140 1131; x_wconf 84' lang='lat' dir='ltr'>omnibus</span> <span class='ocrx_word' id='word_1_119' title='bbox 1178 1092 1354 1142; x_wconf 86' lang='lat' dir='ltr'>passimS</span> 
     </span>
     <span class='ocr_line' id='line_1_16' title="bbox 68 1158 1323 1209; baseline -0.001 -14"><span class='ocrx_word' id='word_1_120' title='bbox 68 1158 177 1196; x_wconf 90' lang='lat' dir='ltr'>tectis</span> <span class='ocrx_word' id='word_1_121' title='bbox 215 1170 394 1208; x_wconf 84' lang='lat' dir='ltr'>agrorum</span> <span class='ocrx_word' id='word_1_122' title='bbox 427 1159 595 1209; x_wconf 87' lang='lat' dir='ltr'>vicisque</span> <span class='ocrx_word' id='word_1_123' title='bbox 633 1159 747 1197; x_wconf 90' lang='lat' dir='ltr'>etiam</span> <span class='ocrx_word' id='word_1_124' title='bbox 782 1159 1012 1209; x_wconf 88' lang='lat' dir='ltr'>quibusdam</span> <span class='ocrx_word' id='word_1_125' title='bbox 1051 1159 1206 1204; x_wconf 79' lang='lat' dir='ltr'>exustis,</span> <span class='ocrx_word' id='word_1_126' title='bbox 1241 1169 1323 1195; x_wconf 90' lang='lat' dir='ltr'>non</span> 
     </span>
     <span class='ocr_line' id='line_1_17' title="bbox 69 1223 1322 1274; baseline -0.001 -13"><span class='ocrx_word' id='word_1_127' title='bbox 69 1225 202 1262; x_wconf 85' lang='lat' dir='ltr'>arbore</span> <span class='ocrx_word' id='word_1_128' title='bbox 229 1223 417 1274; x_wconf 83' lang='lat' dir='ltr'>frugifera,</span> <span class='ocrx_word' id='word_1_129' title='bbox 438 1237 517 1263; x_wconf 91' lang='lat' dir='ltr'>non</span> <span class='ocrx_word' id='word_1_130' title='bbox 545 1225 633 1262; x_wconf 87' lang='lat' dir='ltr'>satis</span> <span class='ocrx_word' id='word_1_131' title='bbox 662 1225 700 1261; x_wconf 89' lang='lat' dir='ltr'>in</span> <span class='ocrx_word' id='word_1_132' title='bbox 727 1237 835 1273; x_wconf 86' lang='lat' dir='ltr'>spem</span> <span class='ocrx_word' id='word_1_133' title='bbox 863 1224 1015 1274; x_wconf 86' lang='lat' dir='ltr'>frugum</span> <span class='ocrx_word' id='word_1_134' title='bbox 1034 1225 1182 1270; x_wconf 88' lang='lat' dir='ltr'>relictis,</span> <span class='ocrx_word' id='word_1_135' title='bbox 1203 1225 1322 1270; x_wconf 90' lang='lat' dir='ltr'>omni,</span> 
     </span>
     <span class='ocr_line' id='line_1_18' title="bbox 68 1288 1323 1340; baseline 0 -14"><span class='ocrx_word' id='word_1_136' title='bbox 68 1302 166 1339; x_wconf 90' lang='lat' dir='ltr'>quae</span> <span class='ocrx_word' id='word_1_137' title='bbox 198 1296 305 1327; x_wconf 80' lang='lat' dir='ltr'>extra</span> <span class='ocrx_word' id='word_1_138' title='bbox 340 1291 493 1328; x_wconf 89' lang='lat' dir='ltr'>moenia</span> <span class='ocrx_word' id='word_1_139' title='bbox 524 1289 602 1336; x_wconf 92' lang='lat' dir='ltr'>fuit,</span> <span class='ocrx_word' id='word_1_140' title='bbox 637 1290 839 1327; x_wconf 86' lang='lat' dir='ltr'>hominum</span> <span class='ocrx_word' id='word_1_141' title='bbox 876 1290 1143 1340; x_wconf 85' lang='lat' dir='ltr'>pecudumque</span> <span class='ocrx_word' id='word_1_142' title='bbox 1180 1288 1323 1339; x_wconf 76' lang='lat' dir='ltr'>praeda</span> 
     </span>
    </p>
   </div>
   <div class='ocr_carea' id='block_1_3' title="bbox 68 1355 986 1406">
    <p class='ocr_par' dir='ltr' id='par_1_3' title="bbox 68 1355 986 1406">
     <span class='ocr_line' id='line_1_19' title="bbox 68 1355 986 1406; baseline 0 -14"><span class='ocrx_word' id='word_1_143' title='bbox 68 1356 214 1401; x_wconf 85' lang='lat' dir='ltr'>abacta,</span> <span class='ocrx_word' id='word_1_144' title='bbox 236 1355 404 1393; x_wconf 86' lang='lat' dir='ltr'>Romam</span> <span class='ocrx_word' id='word_1_145' title='bbox 423 1356 598 1406; x_wconf 89' lang='lat' dir='ltr'>utrinque</span> <span class='ocrx_word' id='word_1_146' title='bbox 618 1357 808 1394; x_wconf 81' lang='lat' dir='ltr'>exercitus</span> <span class='ocrx_word' id='word_1_147' title='bbox 828 1356 986 1394; x_wconf 90' lang='lat' dir='ltr'>reducti.</span> 
     </span>
    </p>
   </div>
   <div class='ocr_carea' id='block_1_4' title="bbox 66 1461 1525 2322">
    <p class='ocr_par' dir='ltr' id='par_1_4' title="bbox 71 1461 1490 1713">
     <span class='ocr_line' id='line_1_20' title="bbox 71 1461 1490 1507; baseline -0.001 -12"><span class='ocrx_word' id='word_1_148' title='bbox 71 1468 86 1502; x_wconf 72' lang='grc' dir='ltr'><strong>ξ</strong></span> <span class='ocrx_word' id='word_1_149' title='bbox 107 1474 134 1497; x_wconf 91' lang='lat'>1.</span> <span class='ocrx_word' id='word_1_150' title='bbox 166 1466 198 1496; x_wconf 85' lang='lat' dir='ltr'><em>T</em></span> <span class='ocrx_word' id='word_1_151' title='bbox 194 1465 275 1496; x_wconf 74' lang='lat' dir='ltr'>m‘als</span> <span class='ocrx_word' id='word_1_152' title='bbox 292 1465 355 1507; x_wconf 62' lang='lat' dir='ltr'>flur</span> <span class='ocrx_word' id='word_1_153' title='bbox 383 1465 453 1497; x_wconf 73' lang='lat' dir='ltr'>debt</span> <span class='ocrx_word' id='word_1_154' title='bbox 483 1476 700 1503; x_wconf 71' lang='lat' dir='ltr'>rcrommcnce,</span> <span class='ocrx_word' id='word_1_155' title='bbox 734 1466 806 1496; x_wconf 85' lang='lat' dir='ltr'>and</span> <span class='ocrx_word' id='word_1_156' title='bbox 831 1466 883 1497; x_wconf 80' lang='lat' dir='ltr'>tlze</span> <span class='ocrx_word' id='word_1_157' title='bbox 913 1466 1070 1497; x_wconf 84' lang='lat' dir='ltr'>tributum</span> <span class='ocrx_word' id='word_1_158' title='bbox 1102 1466 1131 1496; x_wconf 82' lang='lat' dir='ltr'>is</span> <span class='ocrx_word' id='word_1_159' title='bbox 1165 1464 1321 1496; x_wconf 74' lang='lat' dir='ltr'>rcncwcd.</span> <span class='ocrx_word' id='word_1_160' title='bbox 1335 1461 1407 1495; x_wconf 85' lang='lat' dir='ltr'>Ch.</span> <span class='ocrx_word' id='word_1_161' title='bbox 1425 1461 1490 1495; x_wconf 86' lang='lat'>32.</span> 
     </span>
     <span class='ocr_line' id='line_1_21' title="bbox 157 1517 1322 1558; baseline -0.001 -11"><span class='ocrx_word' id='word_1_162' title='bbox 157 1520 172 1554; x_wconf 72' lang='grc' dir='ltr'><strong>ξ</strong></span> <span class='ocrx_word' id='word_1_163' title='bbox 191 1526 219 1556; x_wconf 81' lang='lat'>3.</span> <span class='ocrx_word' id='word_1_164' title='bbox 249 1518 282 1548; x_wconf 83' lang='lat' dir='ltr'><em>T</em></span> <span class='ocrx_word' id='word_1_165' title='bbox 277 1517 315 1548; x_wconf 69' lang='lat' dir='ltr'>lle</span> <span class='ocrx_word' id='word_1_166' title='bbox 338 1518 497 1557; x_wconf 67' lang='lat' dir='ltr'>Alilz&#39;laty</span> <span class='ocrx_word' id='word_1_167' title='bbox 519 1518 551 1548; x_wconf 90' lang='lat' dir='ltr'><em>T</em></span> <span class='ocrx_word' id='word_1_168' title='bbox 546 1518 679 1548; x_wconf 70' lang='lat' dir='ltr'>ribuncs</span> <span class='ocrx_word' id='word_1_169' title='bbox 700 1528 757 1548; x_wconf 78' lang='lat' dir='ltr'>are</span> <span class='ocrx_word' id='word_1_170' title='bbox 777 1518 828 1548; x_wconf 87' lang='lat' dir='ltr'>all</span> <span class='ocrx_word' id='word_1_171' title='bbox 841 1517 1024 1558; x_wconf 76' lang='lat' dir='ltr'>patrician.</span> <span class='ocrx_word' id='word_1_172' title='bbox 1076 1517 1178 1548; x_wconf 70' lang='lat' dir='ltr'>Three</span> <span class='ocrx_word' id='word_1_173' title='bbox 1200 1517 1322 1547; x_wconf 78' lang='lat' dir='ltr'>armies</span> 
     </span>
     <span class='ocr_line' id='line_1_22' title="bbox 152 1568 1323 1610; baseline 0 -11"><span class='ocrx_word' id='word_1_174' title='bbox 152 1579 211 1599; x_wconf 80' lang='lat' dir='ltr'>arc</span> <span class='ocrx_word' id='word_1_175' title='bbox 234 1568 345 1599; x_wconf 69' lang='lat' dir='ltr'>raised</span> <span class='ocrx_word' id='word_1_176' title='bbox 353 1568 416 1610; x_wconf 86' lang='lat' dir='ltr'>sor</span> <span class='ocrx_word' id='word_1_177' title='bbox 436 1579 511 1599; x_wconf 79' lang='lat' dir='ltr'>war</span> <span class='ocrx_word' id='word_1_178' title='bbox 529 1569 661 1609; x_wconf 75' lang='lat' dir='ltr'>against</span> <span class='ocrx_word' id='word_1_179' title='bbox 686 1570 850 1600; x_wconf 50' lang='lat' dir='ltr'>lf&#39;olscians</span> <span class='ocrx_word' id='word_1_180' title='bbox 870 1569 941 1600; x_wconf 84' lang='lat' dir='ltr'>and</span> <span class='ocrx_word' id='word_1_181' title='bbox 960 1569 1090 1600; x_wconf 80' lang='lat' dir='ltr'>Latius.</span> <span class='ocrx_word' id='word_1_182' title='bbox 1159 1571 1174 1605; x_wconf 68' lang='grc' dir='ltr'>ξ</span> <span class='ocrx_word' id='word_1_183' title='bbox 1197 1575 1225 1608; x_wconf 80' lang='lat'>7.</span> <span class='ocrx_word' id='word_1_184' title='bbox 1258 1569 1290 1599; x_wconf 84' lang='lat' dir='ltr'><em>T</em></span> <span class='ocrx_word' id='word_1_185' title='bbox 1285 1569 1323 1599; x_wconf 74' lang='lat' dir='ltr'>lle</span> 
     </span>
     <span class='ocr_line' id='line_1_23' title="bbox 153 1619 1324 1662; baseline 0 -11"><span class='ocrx_word' id='word_1_186' title='bbox 153 1619 283 1658; x_wconf 80' lang='lat' dir='ltr'>Latius,</span> <span class='ocrx_word' id='word_1_187' title='bbox 307 1620 443 1651; x_wconf 74' lang='lat' dir='ltr'>trained</span> <span class='ocrx_word' id='word_1_188' title='bbox 465 1621 503 1651; x_wconf 80' lang='lat' dir='ltr'>in</span> <span class='ocrx_word' id='word_1_189' title='bbox 531 1621 660 1651; x_wconf 80' lang='lat' dir='ltr'>Roman</span> <span class='ocrx_word' id='word_1_190' title='bbox 688 1620 843 1662; x_wconf 50' lang='lat' dir='ltr'>toassin-c,</span> <span class='ocrx_word' id='word_1_191' title='bbox 856 1620 948 1662; x_wconf 76' lang='lat' dir='ltr'>fight</span> <span class='ocrx_word' id='word_1_192' title='bbox 974 1621 1056 1659; x_wconf 74' lang='lat' dir='ltr'><em>well,</em></span> <span class='ocrx_word' id='word_1_193' title='bbox 1085 1620 1144 1651; x_wconf 77' lang='lat' dir='ltr'>hut</span> <span class='ocrx_word' id='word_1_194' title='bbox 1169 1620 1242 1661; x_wconf 71' lang='lat' dir='ltr'>they</span> <span class='ocrx_word' id='word_1_195' title='bbox 1268 1631 1324 1651; x_wconf 72' lang='lat' dir='ltr'>arc</span> 
     </span>
     <span class='ocr_line' id='line_1_24' title="bbox 152 1671 1097 1713; baseline 0.002 -11"><span class='ocrx_word' id='word_1_196' title='bbox 152 1671 294 1713; x_wconf 59' lang='lat' dir='ltr'>defeated</span> <span class='ocrx_word' id='word_1_197' title='bbox 305 1671 433 1712; x_wconf 80' lang='lat' dir='ltr'>andsty</span> <span class='ocrx_word' id='word_1_198' title='bbox 448 1676 478 1703; x_wconf 79' lang='lat' dir='ltr'>to</span> <span class='ocrx_word' id='word_1_199' title='bbox 493 1672 671 1708; x_wconf 80' lang='lat' dir='ltr'>Satricum,</span> <span class='ocrx_word' id='word_1_200' title='bbox 686 1673 758 1703; x_wconf 83' lang='lat' dir='ltr'>and</span> <span class='ocrx_word' id='word_1_201' title='bbox 770 1673 878 1703; x_wconf 74' lang='lat' dir='ltr'>tlzcnce</span> <span class='ocrx_word' id='word_1_202' title='bbox 893 1677 924 1704; x_wconf 87' lang='lat' dir='ltr'>to</span> <span class='ocrx_word' id='word_1_203' title='bbox 939 1673 1097 1704; x_wconf 81' lang='lat' dir='ltr'>Antium.</span> 
     </span>
    </p>

    <p class='ocr_par' dir='ltr' id='par_1_5' title="bbox 66 1746 1525 2322">
     <span class='ocr_line' id='line_1_25' title="bbox 121 1746 1355 1797; baseline 0.002 -14"><span class='ocrx_word' id='word_1_204' title='bbox 121 1746 242 1785; x_wconf 90' lang='lat' dir='ltr'>Parvo</span> <span class='ocrx_word' id='word_1_205' title='bbox 266 1747 460 1784; x_wconf 87' lang='lat' dir='ltr'>intervallo</span> <span class='ocrx_word' id='word_1_206' title='bbox 481 1747 530 1785; x_wconf 88' lang='lat' dir='ltr'>ad</span> <span class='ocrx_word' id='word_1_207' title='bbox 556 1747 820 1797; x_wconf 87' lang='lat' dir='ltr'>respirandum</span> <span class='ocrx_word' id='word_1_208' title='bbox 841 1748 1075 1785; x_wconf 82' lang='lat' dir='ltr'>debitoribus</span> <span class='ocrx_word' id='word_1_209' title='bbox 1095 1747 1196 1794; x_wconf 87' lang='lat' dir='ltr'>dato,</span> <span class='ocrx_word' id='word_1_210' title='bbox 1217 1755 1321 1797; x_wconf 90' lang='lat' dir='ltr'>post·</span> <span class='ocrx_word' id='word_1_211' title='bbox 1338 1755 1355 1784; x_wconf 80' lang='lat'>1</span> 
     </span>
     <span class='ocr_line' id='line_1_26' title="bbox 68 1813 1322 1869; baseline 0.001 -20"><span class='ocrx_word' id='word_1_212' title='bbox 68 1824 184 1862; x_wconf 88' lang='lat' dir='ltr'>quam</span> <span class='ocrx_word' id='word_1_213' title='bbox 212 1813 361 1862; x_wconf 89' lang='lat' dir='ltr'>quietae</span> <span class='ocrx_word' id='word_1_214' title='bbox 390 1825 451 1850; x_wconf 89' lang='lat' dir='ltr'>res</span> <span class='ocrx_word' id='word_1_215' title='bbox 481 1814 529 1850; x_wconf 85' lang='lat' dir='ltr'>ab</span> <span class='ocrx_word' id='word_1_216' title='bbox 558 1813 729 1851; x_wconf 88' lang='lat' dir='ltr'>hostibus</span> <span class='ocrx_word' id='word_1_217' title='bbox 756 1820 875 1869; x_wconf 77' lang='lat' dir='ltr'>erant,</span> <span class='ocrx_word' id='word_1_218' title='bbox 897 1814 1080 1851; x_wconf 87' lang='lat' dir='ltr'>celebrari</span> <span class='ocrx_word' id='word_1_219' title='bbox 1099 1814 1146 1851; x_wconf 93' lang='lat' dir='ltr'>de</span> <span class='ocrx_word' id='word_1_220' title='bbox 1173 1815 1322 1862; x_wconf 84' lang='lat' dir='ltr'>integro</span> 
     </span>
     <span class='ocr_line' id='line_1_27' title="bbox 66 1868 1320 1928; baseline 0.001 -14"><span class='ocrx_word' id='word_1_221' title='bbox 66 1878 285 1925; x_wconf 87' lang='lat' dir='ltr'>iurisdictio,</span> <span class='ocrx_word' id='word_1_222' title='bbox 305 1885 342 1916; x_wconf 93' lang='lat' dir='ltr'>et</span> <span class='ocrx_word' id='word_1_223' title='bbox 371 1884 518 1915; x_wconf 86' lang='lat' dir='ltr'>tantum</span> <span class='ocrx_word' id='word_1_224' title='bbox 547 1879 682 1916; x_wconf 92' lang='lat' dir='ltr'>abesse</span> <span class='ocrx_word' id='word_1_225' title='bbox 705 1868 961 1928; x_wconf 57' lang='lat' dir='ltr'>spesveteris</span> <span class='ocrx_word' id='word_1_226' title='bbox 990 1879 1139 1917; x_wconf 81' lang='lat' dir='ltr'>levandi</span> <span class='ocrx_word' id='word_1_227' title='bbox 1168 1878 1320 1925; x_wconf 87' lang='lat' dir='ltr'>fenoris,</span> 
     </span>
     <span class='ocr_line' id='line_1_28' title="bbox 67 1943 1321 1982; baseline 0 -1"><span class='ocrx_word' id='word_1_228' title='bbox 67 1951 108 1981; x_wconf 91' lang='lat' dir='ltr'>ut</span> <span class='ocrx_word' id='word_1_229' title='bbox 135 1944 275 1981; x_wconf 91' lang='lat' dir='ltr'>tributo</span> <span class='ocrx_word' id='word_1_230' title='bbox 304 1955 448 1981; x_wconf 91' lang='lat' dir='ltr'>novum</span> <span class='ocrx_word' id='word_1_231' title='bbox 476 1943 584 1981; x_wconf 87' lang='lat' dir='ltr'>fenus</span> <span class='ocrx_word' id='word_1_232' title='bbox 613 1943 902 1982; x_wconf 86' lang='lat' dir='ltr'>contraheretur</span> <span class='ocrx_word' id='word_1_233' title='bbox 931 1945 970 1981; x_wconf 91' lang='lat' dir='ltr'>in</span> <span class='ocrx_word' id='word_1_234' title='bbox 998 1957 1152 1982; x_wconf 88' lang='lat' dir='ltr'>murum</span> <span class='ocrx_word' id='word_1_235' title='bbox 1181 1957 1203 1982; x_wconf 91' lang='lat' dir='ltr'>a</span> <span class='ocrx_word' id='word_1_236' title='bbox 1232 1957 1321 1982; x_wconf 91' lang='lat' dir='ltr'>cen-</span> 
     </span>
     <span class='ocr_line' id='line_1_29' title="bbox 68 2009 1352 2060; baseline -0.001 -13"><span class='ocrx_word' id='word_1_237' title='bbox 68 2010 216 2048; x_wconf 88' lang='lat' dir='ltr'>soribus</span> <span class='ocrx_word' id='word_1_238' title='bbox 243 2009 411 2047; x_wconf 90' lang='lat' dir='ltr'>locatum</span> <span class='ocrx_word' id='word_1_239' title='bbox 440 2021 535 2047; x_wconf 84' lang='lat' dir='ltr'>saxo</span> <span class='ocrx_word' id='word_1_240' title='bbox 561 2010 748 2060; x_wconf 86' lang='lat' dir='ltr'>quadrato</span> <span class='ocrx_word' id='word_1_241' title='bbox 777 2010 1024 2058; x_wconf 82' lang='lat' dir='ltr'>faciundum;</span> <span class='ocrx_word' id='word_1_242' title='bbox 1055 2011 1117 2048; x_wconf 90' lang='lat' dir='ltr'>cui</span> <span class='ocrx_word' id='word_1_243' title='bbox 1148 2016 1352 2048; x_wconf 79' lang='lat' dir='ltr'>succum-2</span> 
     </span>
     <span class='ocr_line' id='line_1_30' title="bbox 67 2075 1317 2126; baseline 0 -14"><span class='ocrx_word' id='word_1_244' title='bbox 67 2075 157 2113; x_wconf 90' lang='lat' dir='ltr'>bere</span> <span class='ocrx_word' id='word_1_245' title='bbox 177 2076 284 2112; x_wconf 88' lang='lat' dir='ltr'>oneri</span> <span class='ocrx_word' id='word_1_246' title='bbox 303 2082 435 2113; x_wconf 88' lang='lat' dir='ltr'>coacta</span> <span class='ocrx_word' id='word_1_247' title='bbox 454 2076 596 2125; x_wconf 89' lang='lat' dir='ltr'>plebes,</span> <span class='ocrx_word' id='word_1_248' title='bbox 619 2076 719 2125; x_wconf 83' lang='lat' dir='ltr'>quia,</span> <span class='ocrx_word' id='word_1_249' title='bbox 741 2088 857 2126; x_wconf 90' lang='lat' dir='ltr'>quem</span> <span class='ocrx_word' id='word_1_250' title='bbox 877 2076 1056 2114; x_wconf 92' lang='lat' dir='ltr'>dilectum</span> <span class='ocrx_word' id='word_1_251' title='bbox 1077 2077 1317 2125; x_wconf 88' lang='lat' dir='ltr'>impedirent,</span> 
     </span>
     <span class='ocr_line' id='line_1_31' title="bbox 66 2140 1352 2196; baseline 0.001 -19"><span class='ocrx_word' id='word_1_252' title='bbox 66 2152 146 2179; x_wconf 89' lang='lat' dir='ltr'>non</span> <span class='ocrx_word' id='word_1_253' title='bbox 179 2140 372 2178; x_wconf 90' lang='lat' dir='ltr'>habebant</span> <span class='ocrx_word' id='word_1_254' title='bbox 403 2141 546 2178; x_wconf 86' lang='lat' dir='ltr'>tribuni</span> <span class='ocrx_word' id='word_1_255' title='bbox 575 2141 709 2190; x_wconf 91' lang='lat' dir='ltr'>plebis.</span> <span class='ocrx_word' id='word_1_256' title='bbox 765 2141 961 2196; x_wconf 84' lang='lat' dir='ltr'>Tribunos</span> <span class='ocrx_word' id='word_1_257' title='bbox 993 2142 1107 2179; x_wconf 88' lang='lat' dir='ltr'>etiam</span> <span class='ocrx_word' id='word_1_258' title='bbox 1139 2142 1352 2179; x_wconf 85' lang='lat' dir='ltr'>militares3</span> 
     </span>
     <span class='ocr_line' id='line_1_32' title="bbox 67 2193 1525 2256; baseline 0.001 -13"><span class='ocrx_word' id='word_1_259' title='bbox 67 2206 244 2256; x_wconf 87' lang='lat' dir='ltr'>patricios</span> <span class='ocrx_word' id='word_1_260' title='bbox 256 2218 391 2243; x_wconf 91' lang='lat' dir='ltr'>omnes</span> <span class='ocrx_word' id='word_1_261' title='bbox 403 2213 536 2244; x_wconf 88' lang='lat' dir='ltr'>coacta</span> <span class='ocrx_word' id='word_1_262' title='bbox 549 2207 764 2256; x_wconf 90' lang='lat' dir='ltr'>principum</span> <span class='ocrx_word' id='word_1_263' title='bbox 777 2193 913 2256; x_wconf 70' lang='lat' dir='ltr'>opibus</span> <span class='ocrx_word' id='word_1_264' title='bbox 925 2194 1023 2253; x_wconf 81' lang='lat' dir='ltr'>fecit,</span> <span class='ocrx_word' id='word_1_265' title='bbox 1039 2206 1082 2243; x_wconf 95' lang='lat' dir='ltr'>L.</span> <span class='ocrx_word' id='word_1_266' title='bbox 1098 2207 1316 2253; x_wconf 86' lang='lat' dir='ltr'>Aemilium,</span> <span class='ocrx_word' id='word_1_267' title='bbox 1333 2216 1416 2244; x_wconf 60' lang='lat' dir='ltr'>nc.</span> <span class='ocrx_word' id='word_1_268' title='bbox 1435 2215 1525 2244; x_wconf 76' lang='lat'>37⁷.</span> 
     </span>
     <span class='ocr_line' id='line_1_33' title="bbox 67 2270 1322 2322; baseline 0.001 -14"><span class='ocrx_word' id='word_1_269' title='bbox 67 2271 110 2309; x_wconf 93' lang='lat' dir='ltr'>P.</span> <span class='ocrx_word' id='word_1_270' title='bbox 130 2270 328 2309; x_wconf 86' lang='lat' dir='ltr'>Valerium</span> <span class='ocrx_word' id='word_1_271' title='bbox 350 2278 540 2322; x_wconf 89' lang='lat' dir='ltr'>quartum,</span> <span class='ocrx_word' id='word_1_272' title='bbox 569 2271 614 2311; x_wconf 92' lang='lat' dir='ltr'>C.</span> <span class='ocrx_word' id='word_1_273' title='bbox 634 2272 848 2319; x_wconf 87' lang='lat' dir='ltr'>Veturium,</span> <span class='ocrx_word' id='word_1_274' title='bbox 873 2271 952 2309; x_wconf 90' lang='lat' dir='ltr'>Ser.</span> <span class='ocrx_word' id='word_1_275' title='bbox 975 2272 1195 2322; x_wconf 88' lang='lat' dir='ltr'>Sulpicium,</span> <span class='ocrx_word' id='word_1_276' title='bbox 1217 2271 1261 2310; x_wconf 92' lang='lat' dir='ltr'>L.</span> <span class='ocrx_word' id='word_1_277' title='bbox 1283 2280 1322 2310; x_wconf 89' lang='lat' dir='ltr'>et</span> 
     </span>
    </p>
   </div>
  </div>
 </body>
</html>
