<?xml version="1.0" encoding="UTF-8"?>
<!DOCTYPE html PUBLIC "-//W3C//DTD XHTML 1.0 Transitional//EN"
    "http://www.w3.org/TR/xhtml1/DTD/xhtml1-transitional.dtd">
<html xmlns="http://www.w3.org/1999/xhtml" xml:lang="en" lang="en">
 <head>
  <title>
</title>
<meta http-equiv="Content-Type" content="text/html;charset=utf-8" />
  <meta name='ocr-system' content='tesseract 3.04.00' />
  <meta name='ocr-capabilities' content='ocr_page ocr_carea ocr_par ocr_line ocrx_word'/>
</head>
<body>
  <div class='ocr_page' id='page_1' title='image "./booksvvivii00livyuoft_0147.png"; bbox 0 0 1637 2554; ppageno 0'>
   <div class='ocr_carea' id='block_1_1' title="bbox 287 138 1349 171">
    <p class='ocr_par' dir='ltr' id='par_1_1' title="bbox 287 138 1349 171">
     <span class='ocr_line' id='line_1_1' title="bbox 287 138 1349 171; baseline 0 -1"><span class='ocrx_word' id='word_1_1' title='bbox 287 138 385 170; x_wconf 75' lang='lat' dir='ltr'><strong>THE</strong></span> <span class='ocrx_word' id='word_1_2' title='bbox 415 138 634 170; x_wconf 83' lang='lat' dir='ltr'><em>BURDEN</em></span> <span class='ocrx_word' id='word_1_3' title='bbox 659 138 723 170; x_wconf 87' lang='lat' dir='ltr'><strong>OF</strong></span> <span class='ocrx_word' id='word_1_4' title='bbox 753 138 861 170; x_wconf 75' lang='lat' dir='ltr'><strong>WAR</strong></span> <span class='ocrx_word' id='word_1_5' title='bbox 892 138 1000 170; x_wconf 79' lang='grc' dir='ltr'><strong>ΛΝΒ</strong></span> <span class='ocrx_word' id='word_1_6' title='bbox 1030 139 1181 171; x_wconf 79' lang='lat' dir='ltr'><em>DEBT.</em></span> <span class='ocrx_word' id='word_1_7' title='bbox 1275 143 1349 171; x_wconf 86' lang='lat'><strong>121</strong></span> 
     </span>
    </p>
   </div>
   <div class='ocr_carea' id='block_1_2' title="bbox 90 243 1609 2322">
    <p class='ocr_par' dir='ltr' id='par_1_2' title="bbox 99 243 1557 359">
     <span class='ocr_line' id='line_1_2' title="bbox 100 243 1557 294; baseline 0.003 -13"><span class='ocrx_word' id='word_1_8' title='bbox 100 243 290 291; x_wconf 85' lang='lat' dir='ltr'><strong>Quinctiis</strong></span> <span class='ocrx_word' id='word_1_9' title='bbox 311 244 545 294; x_wconf 83' lang='lat' dir='ltr'><strong>Capitolinis,</strong></span> <span class='ocrx_word' id='word_1_10' title='bbox 568 243 610 281; x_wconf 89' lang='lat' dir='ltr'><strong>L.</strong></span> <span class='ocrx_word' id='word_1_11' title='bbox 632 243 785 294; x_wconf 85' lang='lat' dir='ltr'><strong>Papirio</strong></span> <span class='ocrx_word' id='word_1_12' title='bbox 805 243 971 282; x_wconf 85' lang='lat' dir='ltr'>Cursore</span> <span class='ocrx_word' id='word_1_13' title='bbox 992 245 1140 289; x_wconf 89' lang='lat' dir='ltr'><strong>iterum,</strong></span> <span class='ocrx_word' id='word_1_14' title='bbox 1166 244 1208 283; x_wconf 90' lang='lat' dir='ltr'><strong>C.</strong></span> <span class='ocrx_word' id='word_1_15' title='bbox 1224 243 1354 293; x_wconf 72' lang='lat' dir='ltr'><strong>Sergio</strong></span> <span class='ocrx_word' id='word_1_16' title='bbox 1369 257 1452 285; x_wconf 81' lang='grc' dir='ltr'><strong>3.σ.</strong></span> <span class='ocrx_word' id='word_1_17' title='bbox 1466 257 1557 285; x_wconf 84' lang='grc'>385.</span> 
     </span>
     <span class='ocr_line' id='line_1_3' title="bbox 99 309 1350 359; baseline 0.001 -13"><span class='ocrx_word' id='word_1_18' title='bbox 99 311 229 347; x_wconf 80' lang='lat' dir='ltr'><strong>ilerum</strong></span> <span class='ocrx_word' id='word_1_19' title='bbox 261 310 419 347; x_wconf 85' lang='lat' dir='ltr'><strong>tribunis</strong></span> <span class='ocrx_word' id='word_1_20' title='bbox 459 309 649 347; x_wconf 89' lang='lat' dir='ltr'><strong>consulari</strong></span> <span class='ocrx_word' id='word_1_21' title='bbox 688 318 884 359; x_wconf 76' lang='lat' dir='ltr'>potestate,</span> <span class='ocrx_word' id='word_1_22' title='bbox 915 322 1028 359; x_wconf 77' lang='lat' dir='ltr'><strong>grave</strong></span> <span class='ocrx_word' id='word_1_23' title='bbox 1067 310 1209 347; x_wconf 92' lang='lat' dir='ltr'><strong>bellum</strong></span> <span class='ocrx_word' id='word_1_24' title='bbox 1249 310 1350 356; x_wconf 82' lang='lat' dir='ltr'><strong>soris,</strong></span> 
     </span>
    </p>

    <p class='ocr_par' dir='ltr' id='par_1_3' title="bbox 98 375 1383 490">
     <span class='ocr_line' id='line_1_4' title="bbox 98 375 1383 424; baseline 0.001 -13"><span class='ocrx_word' id='word_1_25' title='bbox 98 376 246 424; x_wconf 85' lang='lat' dir='ltr'><strong>gravior</strong></span> <span class='ocrx_word' id='word_1_26' title='bbox 280 376 385 413; x_wconf 90' lang='lat' dir='ltr'><strong>dorni</strong></span> <span class='ocrx_word' id='word_1_27' title='bbox 417 375 549 412; x_wconf 90' lang='lat' dir='ltr'><strong>seditio</strong></span> <span class='ocrx_word' id='word_1_28' title='bbox 584 382 728 420; x_wconf 87' lang='lat' dir='ltr'><strong>exorta,</strong></span> <span class='ocrx_word' id='word_1_29' title='bbox 762 375 904 412; x_wconf 87' lang='lat' dir='ltr'><strong>bellum</strong></span> <span class='ocrx_word' id='word_1_30' title='bbox 935 388 957 412; x_wconf 92' lang='lat' dir='ltr'><strong>a</strong></span> <span class='ocrx_word' id='word_1_31' title='bbox 978 375 1141 421; x_wconf 77' lang='lat' dir='ltr'><strong>Volscis,</strong></span> <span class='ocrx_word' id='word_1_32' title='bbox 1174 376 1383 413; x_wconf 87' lang='lat' dir='ltr'><strong>adiuncta2</strong></span> 
     </span>
     <span class='ocr_line' id='line_1_5' title="bbox 98 439 1351 490; baseline 0 -12"><span class='ocrx_word' id='word_1_33' title='bbox 98 440 323 479; x_wconf 85' lang='lat' dir='ltr'><strong>Latinorum</strong></span> <span class='ocrx_word' id='word_1_34' title='bbox 357 448 468 490; x_wconf 88' lang='lat' dir='ltr'><strong>atque</strong></span> <span class='ocrx_word' id='word_1_35' title='bbox 510 439 767 478; x_wconf 81' lang='lat' dir='ltr'><strong>Hernicorum</strong></span> <span class='ocrx_word' id='word_1_36' title='bbox 808 440 1032 487; x_wconf 90' lang='lat' dir='ltr'><strong>defectione,</strong></span> <span class='ocrx_word' id='word_1_37' title='bbox 1069 441 1214 486; x_wconf 87' lang='lat' dir='ltr'><strong>seditio,</strong></span> <span class='ocrx_word' id='word_1_38' title='bbox 1250 441 1351 478; x_wconf 88' lang='lat' dir='ltr'><strong>unde</strong></span> 
     </span>
    </p>

    <p class='ocr_par' dir='ltr' id='par_1_4' title="bbox 98 506 1351 555">
     <span class='ocr_line' id='line_1_6' title="bbox 98 506 1351 555; baseline 0.001 -13"><span class='ocrx_word' id='word_1_39' title='bbox 98 507 255 543; x_wconf 84' lang='lat' dir='ltr'><strong>minime</strong></span> <span class='ocrx_word' id='word_1_40' title='bbox 284 507 403 543; x_wconf 86' lang='lat' dir='ltr'><strong>timeri</strong></span> <span class='ocrx_word' id='word_1_41' title='bbox 442 506 574 555; x_wconf 90' lang='lat' dir='ltr'><strong>potuit,</strong></span> <span class='ocrx_word' id='word_1_42' title='bbox 606 518 627 542; x_wconf 87' lang='lat' dir='ltr'><strong>a</strong></span> <span class='ocrx_word' id='word_1_43' title='bbox 657 506 835 554; x_wconf 78' lang='lat' dir='ltr'><strong>patriciae</strong></span> <span class='ocrx_word' id='word_1_44' title='bbox 874 507 998 555; x_wconf 88' lang='lat' dir='ltr'><strong>gentis</strong></span> <span class='ocrx_word' id='word_1_45' title='bbox 1027 507 1106 544; x_wconf 86' lang='lat' dir='ltr'><strong>viro</strong></span> <span class='ocrx_word' id='word_1_46' title='bbox 1137 515 1172 544; x_wconf 93' lang='lat' dir='ltr'><strong>et</strong></span> <span class='ocrx_word' id='word_1_47' title='bbox 1201 506 1351 544; x_wconf 89' lang='lat' dir='ltr'><strong>inclitae</strong></span> 
     </span>
    </p>

    <p class='ocr_par' dir='ltr' id='par_1_5' title="bbox 98 571 1385 622">
     <span class='ocr_line' id='line_1_7' title="bbox 98 571 1385 622; baseline -0.001 -14"><span class='ocrx_word' id='word_1_48' title='bbox 98 572 233 619; x_wconf 83' lang='lat' dir='ltr'><strong>famae,</strong></span> <span class='ocrx_word' id='word_1_49' title='bbox 264 572 319 610; x_wconf 87' lang='lat' dir='ltr'><strong>M.</strong></span> <span class='ocrx_word' id='word_1_50' title='bbox 345 571 492 609; x_wconf 87' lang='lat' dir='ltr'><strong>Manlio</strong></span> <span class='ocrx_word' id='word_1_51' title='bbox 523 572 750 621; x_wconf 90' lang='lat' dir='ltr'><strong>Capitolino.</strong></span> <span class='ocrx_word' id='word_1_52' title='bbox 809 572 887 619; x_wconf 89' lang='lat' dir='ltr'><strong>Qui</strong></span> <span class='ocrx_word' id='word_1_53' title='bbox 918 573 1055 609; x_wconf 86' lang='lat' dir='ltr'><strong>nimius</strong></span> <span class='ocrx_word' id='word_1_54' title='bbox 1085 573 1201 609; x_wconf 91' lang='lat' dir='ltr'><strong>animi</strong></span> <span class='ocrx_word' id='word_1_55' title='bbox 1232 577 1385 622; x_wconf 88' lang='lat' dir='ltr'><strong>quum3</strong></span> 
     </span>
    </p>

    <p class='ocr_par' dir='ltr' id='par_1_6' title="bbox 97 637 1351 687">
     <span class='ocr_line' id='line_1_8' title="bbox 97 637 1351 687; baseline 0.002 -13"><span class='ocrx_word' id='word_1_56' title='bbox 97 638 191 675; x_wconf 89' lang='lat' dir='ltr'><strong>alios</strong></span> <span class='ocrx_word' id='word_1_57' title='bbox 212 639 401 687; x_wconf 87' lang='lat' dir='ltr'><strong>principes</strong></span> <span class='ocrx_word' id='word_1_58' title='bbox 421 644 621 687; x_wconf 88' lang='lat' dir='ltr'><strong>sperneret,</strong></span> <span class='ocrx_word' id='word_1_59' title='bbox 644 638 708 673; x_wconf 92' lang='lat' dir='ltr'><strong>uni</strong></span> <span class='ocrx_word' id='word_1_60' title='bbox 730 637 911 675; x_wconf 84' lang='lat' dir='ltr'><strong>invideret</strong></span> <span class='ocrx_word' id='word_1_61' title='bbox 937 639 1078 675; x_wconf 79' lang='lat' dir='ltr'><strong>eximio</strong></span> <span class='ocrx_word' id='word_1_62' title='bbox 1099 638 1210 675; x_wconf 89' lang='lat' dir='ltr'><strong>simul</strong></span> <span class='ocrx_word' id='word_1_63' title='bbox 1229 638 1351 677; x_wconf 92' lang='lat' dir='ltr'><strong>hono-</strong></span> 
     </span>
    </p>

    <p class='ocr_par' dir='ltr' id='par_1_7' title="bbox 97 703 1351 753">
     <span class='ocr_line' id='line_1_9' title="bbox 97 703 1351 753; baseline 0.001 -14"><span class='ocrx_word' id='word_1_64' title='bbox 97 704 200 740; x_wconf 81' lang='lat' dir='ltr'><strong>ribus</strong></span> <span class='ocrx_word' id='word_1_65' title='bbox 238 711 350 753; x_wconf 89' lang='lat' dir='ltr'><strong>atque</strong></span> <span class='ocrx_word' id='word_1_66' title='bbox 384 703 592 749; x_wconf 73' lang='lat' dir='ltr'><strong>virtutibus,</strong></span> <span class='ocrx_word' id='word_1_67' title='bbox 628 703 682 739; x_wconf 80' lang='lat' dir='ltr'><strong>M.</strong></span> <span class='ocrx_word' id='word_1_68' title='bbox 716 703 843 748; x_wconf 84' lang='lat' dir='ltr'><strong>Furio,</strong></span> <span class='ocrx_word' id='word_1_69' title='bbox 884 716 996 752; x_wconf 82' lang='lat' dir='ltr'><strong>aegre</strong></span> <span class='ocrx_word' id='word_1_70' title='bbox 1036 703 1188 750; x_wconf 86' lang='lat' dir='ltr'><strong>serebat,</strong></span> <span class='ocrx_word' id='word_1_71' title='bbox 1228 705 1351 742; x_wconf 89' lang='lat' dir='ltr'><strong>solum</strong></span> 
     </span>
    </p>

    <p class='ocr_par' dir='ltr' id='par_1_8' title="bbox 97 767 1351 822">
     <span class='ocr_line' id='line_1_10' title="bbox 97 767 1351 822; baseline 0.002 -17"><span class='ocrx_word' id='word_1_72' title='bbox 97 780 185 805; x_wconf 84' lang='lat' dir='ltr'><strong>eum</strong></span> <span class='ocrx_word' id='word_1_73' title='bbox 207 769 244 805; x_wconf 90' lang='lat' dir='ltr'><strong>in</strong></span> <span class='ocrx_word' id='word_1_74' title='bbox 265 769 558 818; x_wconf 84' lang='lat' dir='ltr'><strong>magistratibus,</strong></span> <span class='ocrx_word' id='word_1_75' title='bbox 580 768 703 805; x_wconf 89' lang='lat' dir='ltr'><strong>solum</strong></span> <span class='ocrx_word' id='word_1_76' title='bbox 735 769 836 817; x_wconf 83' lang='lat' dir='ltr'><strong>apud</strong></span> <span class='ocrx_word' id='word_1_77' title='bbox 857 770 1041 806; x_wconf 78' lang='lat' dir='ltr'><strong>exercitus</strong></span> <span class='ocrx_word' id='word_1_78' title='bbox 1064 767 1181 822; x_wconf 86' lang='lat' dir='ltr'><strong>[esse]</strong></span> <span class='ocrx_word' id='word_1_79' title='bbox 1205 777 1351 807; x_wconf 89' lang='lat' dir='ltr'><strong>tantum</strong></span> 
     </span>
    </p>

    <p class='ocr_par' dir='ltr' id='par_1_9' title="bbox 96 834 1383 885">
     <span class='ocr_line' id='line_1_11' title="bbox 96 834 1383 885; baseline 0.001 -15"><span class='ocrx_word' id='word_1_80' title='bbox 96 834 171 870; x_wconf 86' lang='lat' dir='ltr'><strong>iam</strong></span> <span class='ocrx_word' id='word_1_81' title='bbox 191 834 368 878; x_wconf 91' lang='lat' dir='ltr'><strong>eminere,</strong></span> <span class='ocrx_word' id='word_1_82' title='bbox 389 842 429 871; x_wconf 89' lang='lat' dir='ltr'><strong>ut</strong></span> <span class='ocrx_word' id='word_1_83' title='bbox 450 834 583 871; x_wconf 87' lang='lat' dir='ltr'><strong>iisdem</strong></span> <span class='ocrx_word' id='word_1_84' title='bbox 613 835 789 883; x_wconf 82' lang='lat' dir='ltr'><strong>auspiciis</strong></span> <span class='ocrx_word' id='word_1_85' title='bbox 820 841 967 872; x_wconf 89' lang='lat' dir='ltr'><strong>creatos</strong></span> <span class='ocrx_word' id='word_1_86' title='bbox 991 847 1070 872; x_wconf 91' lang='lat' dir='ltr'><strong>non</strong></span> <span class='ocrx_word' id='word_1_87' title='bbox 1090 847 1160 884; x_wconf 89' lang='lat' dir='ltr'><strong>pro</strong></span> <span class='ocrx_word' id='word_1_88' title='bbox 1181 835 1348 885; x_wconf 81' lang='lat' dir='ltr'><strong>collegis,</strong></span> <span class='ocrx_word' id='word_1_89' title='bbox 1365 841 1383 871; x_wconf 83' lang='lat'>4</span> 
     </span>
    </p>

    <p class='ocr_par' dir='ltr' id='par_1_10' title="bbox 96 899 1349 950">
     <span class='ocr_line' id='line_1_12' title="bbox 96 899 1349 950; baseline 0.002 -14"><span class='ocrx_word' id='word_1_90' title='bbox 96 899 163 936; x_wconf 87' lang='lat' dir='ltr'><strong>sed</strong></span> <span class='ocrx_word' id='word_1_91' title='bbox 182 911 251 948; x_wconf 87' lang='lat' dir='ltr'><strong>pro</strong></span> <span class='ocrx_word' id='word_1_92' title='bbox 272 900 452 937; x_wconf 83' lang='lat' dir='ltr'><strong>ministris</strong></span> <span class='ocrx_word' id='word_1_93' title='bbox 472 899 620 945; x_wconf 88' lang='lat' dir='ltr'><strong>habeat,</strong></span> <span class='ocrx_word' id='word_1_94' title='bbox 643 911 763 949; x_wconf 89' lang='lat' dir='ltr'><strong>quum</strong></span> <span class='ocrx_word' id='word_1_95' title='bbox 789 900 949 947; x_wconf 88' lang='lat' dir='ltr'><strong>interim,</strong></span> <span class='ocrx_word' id='word_1_96' title='bbox 973 901 1003 937; x_wconf 90' lang='lat' dir='ltr'><strong>si</strong></span> <span class='ocrx_word' id='word_1_97' title='bbox 1027 901 1112 950; x_wconf 91' lang='lat' dir='ltr'><strong>quis</strong></span> <span class='ocrx_word' id='word_1_98' title='bbox 1131 913 1218 938; x_wconf 82' lang='lat' dir='ltr'><strong>vere</strong></span> <span class='ocrx_word' id='word_1_99' title='bbox 1239 901 1349 938; x_wconf 88' lang='lat' dir='ltr'><strong>aesti-</strong></span> 
     </span>
    </p>

    <p class='ocr_par' dir='ltr' id='par_1_11' title="bbox 96 965 1351 1015">
     <span class='ocr_line' id='line_1_13' title="bbox 96 965 1351 1015; baseline 0.002 -14"><span class='ocrx_word' id='word_1_100' title='bbox 96 976 200 1001; x_wconf 91' lang='lat' dir='ltr'><strong>mare</strong></span> <span class='ocrx_word' id='word_1_101' title='bbox 221 965 319 1011; x_wconf 88' lang='lat' dir='ltr'><strong>velit,</strong></span> <span class='ocrx_word' id='word_1_102' title='bbox 343 978 364 1009; x_wconf 85' lang='lat' dir='ltr'><strong>a</strong></span> <span class='ocrx_word' id='word_1_103' title='bbox 386 965 440 1002; x_wconf 88' lang='lat' dir='ltr'><strong>M.</strong></span> <span class='ocrx_word' id='word_1_104' title='bbox 458 965 572 1002; x_wconf 88' lang='lat' dir='ltr'><strong>Furio</strong></span> <span class='ocrx_word' id='word_1_105' title='bbox 602 965 814 1014; x_wconf 88' lang='lat' dir='ltr'><strong>recuperari</strong></span> <span class='ocrx_word' id='word_1_106' title='bbox 835 966 954 1015; x_wconf 84' lang='lat' dir='ltr'><strong>patria</strong></span> <span class='ocrx_word' id='word_1_107' title='bbox 975 979 1021 1003; x_wconf 87' lang='lat' dir='ltr'><strong>ex</strong></span> <span class='ocrx_word' id='word_1_108' title='bbox 1043 966 1240 1003; x_wconf 87' lang='lat' dir='ltr'><strong>obsidione</strong></span> <span class='ocrx_word' id='word_1_109' title='bbox 1261 966 1351 1003; x_wconf 92' lang='lat' dir='ltr'><strong>hos-</strong></span> 
     </span>
    </p>

    <p class='ocr_par' dir='ltr' id='par_1_12' title="bbox 96 1030 1380 1146">
     <span class='ocr_line' id='line_1_14' title="bbox 96 1030 1380 1081; baseline 0.002 -15"><span class='ocrx_word' id='word_1_110' title='bbox 96 1030 191 1067; x_wconf 88' lang='lat' dir='ltr'><strong>tium</strong></span> <span class='ocrx_word' id='word_1_111' title='bbox 220 1042 298 1068; x_wconf 90' lang='lat' dir='ltr'><strong>non</strong></span> <span class='ocrx_word' id='word_1_112' title='bbox 329 1031 501 1080; x_wconf 80' lang='lat' dir='ltr'><strong>potuerit,</strong></span> <span class='ocrx_word' id='word_1_113' title='bbox 525 1031 595 1067; x_wconf 91' lang='lat' dir='ltr'><strong>nisi</strong></span> <span class='ocrx_word' id='word_1_114' title='bbox 626 1043 647 1067; x_wconf 92' lang='lat' dir='ltr'><strong>a</strong></span> <span class='ocrx_word' id='word_1_115' title='bbox 677 1043 716 1068; x_wconf 90' lang='lat' dir='ltr'><strong>se</strong></span> <span class='ocrx_word' id='word_1_116' title='bbox 746 1031 849 1080; x_wconf 89' lang='lat' dir='ltr'><strong>prius</strong></span> <span class='ocrx_word' id='word_1_117' title='bbox 879 1030 1109 1080; x_wconf 81' lang='lat' dir='ltr'><strong>Capitolium</strong></span> <span class='ocrx_word' id='word_1_118' title='bbox 1139 1039 1252 1081; x_wconf 90' lang='lat' dir='ltr'><strong>atque</strong></span> <span class='ocrx_word' id='word_1_119' title='bbox 1282 1037 1380 1069; x_wconf 82' lang='lat' dir='ltr'><strong>arx5</strong></span> 
     </span>
     <span class='ocr_line' id='line_1_15' title="bbox 97 1096 1349 1146; baseline 0.001 -13"><span class='ocrx_word' id='word_1_120' title='bbox 97 1103 242 1133; x_wconf 89' lang='lat' dir='ltr'><strong>servata</strong></span> <span class='ocrx_word' id='word_1_121' title='bbox 271 1104 380 1143; x_wconf 89' lang='lat' dir='ltr'><strong>esset,</strong></span> <span class='ocrx_word' id='word_1_122' title='bbox 403 1104 439 1134; x_wconf 87' lang='lat' dir='ltr'><strong>et</strong></span> <span class='ocrx_word' id='word_1_123' title='bbox 461 1097 519 1134; x_wconf 92' lang='lat' dir='ltr'><strong>ille</strong></span> <span class='ocrx_word' id='word_1_124' title='bbox 540 1097 636 1134; x_wconf 90' lang='lat' dir='ltr'><strong>inter</strong></span> <span class='ocrx_word' id='word_1_125' title='bbox 657 1108 791 1133; x_wconf 90' lang='lat' dir='ltr'><strong>aurum</strong></span> <span class='ocrx_word' id='word_1_126' title='bbox 821 1096 1086 1145; x_wconf 89' lang='lat' dir='ltr'><strong>accipiendum</strong></span> <span class='ocrx_word' id='word_1_127' title='bbox 1115 1104 1151 1134; x_wconf 89' lang='lat' dir='ltr'><strong>et</strong></span> <span class='ocrx_word' id='word_1_128' title='bbox 1179 1097 1218 1134; x_wconf 89' lang='lat' dir='ltr'><strong>in</strong></span> <span class='ocrx_word' id='word_1_129' title='bbox 1243 1109 1349 1146; x_wconf 89' lang='lat' dir='ltr'><strong>spem</strong></span> 
     </span>
    </p>

    <p class='ocr_par' dir='ltr' id='par_1_13' title="bbox 95 1161 1350 1276">
     <span class='ocr_line' id='line_1_16' title="bbox 95 1161 1350 1211; baseline 0.001 -13"><span class='ocrx_word' id='word_1_130' title='bbox 95 1161 200 1210; x_wconf 86' lang='lat' dir='ltr'><strong>pacis</strong></span> <span class='ocrx_word' id='word_1_131' title='bbox 238 1162 366 1199; x_wconf 91' lang='lat' dir='ltr'><strong>solutis</strong></span> <span class='ocrx_word' id='word_1_132' title='bbox 405 1162 542 1200; x_wconf 89' lang='lat' dir='ltr'><strong>animis</strong></span> <span class='ocrx_word' id='word_1_133' title='bbox 579 1161 711 1199; x_wconf 84' lang='lat' dir='ltr'><strong>Gallos</strong></span> <span class='ocrx_word' id='word_1_134' title='bbox 744 1173 948 1210; x_wconf 82' lang='lat' dir='ltr'><strong>aggressus</strong></span> <span class='ocrx_word' id='word_1_135' title='bbox 981 1163 1038 1207; x_wconf 88' lang='lat' dir='ltr'><strong>sit,</strong></span> <span class='ocrx_word' id='word_1_136' title='bbox 1074 1162 1154 1211; x_wconf 92' lang='lat' dir='ltr'><strong>ipse</strong></span> <span class='ocrx_word' id='word_1_137' title='bbox 1185 1169 1350 1199; x_wconf 87' lang='lat' dir='ltr'><strong>armatos</strong></span> 
     </span>
     <span class='ocr_line' id='line_1_17' title="bbox 96 1227 1349 1276; baseline 0.001 -13"><span class='ocrx_word' id='word_1_138' title='bbox 96 1227 366 1276; x_wconf 75' lang='lat' dir='ltr'><strong>capientesque</strong></span> <span class='ocrx_word' id='word_1_139' title='bbox 409 1239 536 1264; x_wconf 88' lang='lat' dir='ltr'><strong>arcem</strong></span> <span class='ocrx_word' id='word_1_140' title='bbox 572 1227 765 1276; x_wconf 88' lang='lat' dir='ltr'><strong>depulerit,</strong></span> <span class='ocrx_word' id='word_1_141' title='bbox 801 1227 898 1264; x_wconf 89' lang='lat' dir='ltr'><strong>illius</strong></span> <span class='ocrx_word' id='word_1_142' title='bbox 936 1227 1077 1276; x_wconf 85' lang='lat' dir='ltr'><strong>gloriae</strong></span> <span class='ocrx_word' id='word_1_143' title='bbox 1116 1239 1204 1276; x_wconf 90' lang='lat' dir='ltr'><strong>pars</strong></span> <span class='ocrx_word' id='word_1_144' title='bbox 1237 1227 1349 1264; x_wconf 85' lang='lat' dir='ltr'><strong>virilis</strong></span> 
     </span>
    </p>

    <p class='ocr_par' dir='ltr' id='par_1_14' title="bbox 95 1292 1378 1406">
     <span class='ocr_line' id='line_1_18' title="bbox 96 1292 1347 1342; baseline 0.002 -14"><span class='ocrx_word' id='word_1_145' title='bbox 96 1292 199 1341; x_wconf 88' lang='lat' dir='ltr'><strong>apud</strong></span> <span class='ocrx_word' id='word_1_146' title='bbox 228 1304 362 1330; x_wconf 88' lang='lat' dir='ltr'><strong>omnes</strong></span> <span class='ocrx_word' id='word_1_147' title='bbox 391 1293 526 1329; x_wconf 88' lang='lat' dir='ltr'><strong>milites</strong></span> <span class='ocrx_word' id='word_1_148' title='bbox 556 1293 612 1337; x_wconf 86' lang='lat' dir='ltr'><strong>sit,</strong></span> <span class='ocrx_word' id='word_1_149' title='bbox 643 1293 708 1342; x_wconf 89' lang='lat' dir='ltr'><strong>qui</strong></span> <span class='ocrx_word' id='word_1_150' title='bbox 739 1292 850 1329; x_wconf 90' lang='lat' dir='ltr'><strong>simul</strong></span> <span class='ocrx_word' id='word_1_151' title='bbox 871 1293 1037 1338; x_wconf 72' lang='lat' dir='ltr'><strong>vicerint,</strong></span> <span class='ocrx_word' id='word_1_152' title='bbox 1060 1305 1150 1330; x_wconf 86' lang='lat' dir='ltr'><strong>suae</strong></span> <span class='ocrx_word' id='word_1_153' title='bbox 1171 1293 1347 1330; x_wconf 65' lang='lat' dir='ltr'><strong>iictoriae</strong></span> 
     </span>
     <span class='ocr_line' id='line_1_19' title="bbox 95 1357 1378 1406; baseline 0 -12"><span class='ocrx_word' id='word_1_154' title='bbox 95 1358 290 1394; x_wconf 87' lang='lat' dir='ltr'><strong>neminem</strong></span> <span class='ocrx_word' id='word_1_155' title='bbox 310 1358 483 1395; x_wconf 89' lang='lat' dir='ltr'><strong>omnium</strong></span> <span class='ocrx_word' id='word_1_156' title='bbox 503 1358 719 1394; x_wconf 86' lang='lat' dir='ltr'><strong>mortalium</strong></span> <span class='ocrx_word' id='word_1_157' title='bbox 751 1357 896 1394; x_wconf 86' lang='lat' dir='ltr'><strong>socium</strong></span> <span class='ocrx_word' id='word_1_158' title='bbox 916 1369 1009 1394; x_wconf 90' lang='lat' dir='ltr'><strong>esse.</strong></span> <span class='ocrx_word' id='word_1_159' title='bbox 1065 1357 1139 1394; x_wconf 92' lang='lat' dir='ltr'><strong>His</strong></span> <span class='ocrx_word' id='word_1_160' title='bbox 1169 1358 1378 1406; x_wconf 84' lang='lat' dir='ltr'><strong>opinion-6</strong></span> 
     </span>
    </p>

    <p class='ocr_par' dir='ltr' id='par_1_15' title="bbox 96 1422 1347 1471">
     <span class='ocr_line' id='line_1_20' title="bbox 96 1422 1347 1471; baseline 0.001 -12"><span class='ocrx_word' id='word_1_161' title='bbox 96 1423 180 1459; x_wconf 91' lang='lat' dir='ltr'><strong>ibus</strong></span> <span class='ocrx_word' id='word_1_162' title='bbox 201 1422 332 1460; x_wconf 76' lang='lat' dir='ltr'><strong>inflato</strong></span> <span class='ocrx_word' id='word_1_163' title='bbox 351 1423 490 1469; x_wconf 89' lang='lat' dir='ltr'><strong>animo,</strong></span> <span class='ocrx_word' id='word_1_164' title='bbox 513 1423 561 1460; x_wconf 90' lang='lat' dir='ltr'><strong>ad</strong></span> <span class='ocrx_word' id='word_1_165' title='bbox 586 1423 658 1460; x_wconf 91' lang='lat' dir='ltr'><strong>hoc</strong></span> <span class='ocrx_word' id='word_1_166' title='bbox 678 1422 766 1459; x_wconf 81' lang='lat' dir='ltr'><strong>vitio</strong></span> <span class='ocrx_word' id='word_1_167' title='bbox 797 1434 950 1471; x_wconf 91' lang='lat' dir='ltr'><strong>quoque</strong></span> <span class='ocrx_word' id='word_1_168' title='bbox 980 1422 1122 1471; x_wconf 87' lang='lat' dir='ltr'><strong>ingenii</strong></span> <span class='ocrx_word' id='word_1_169' title='bbox 1141 1423 1347 1460; x_wconf 85' lang='lat' dir='ltr'><strong>vehemens</strong></span> 
     </span>
    </p>

    <p class='ocr_par' dir='ltr' id='par_1_16' title="bbox 95 1488 1378 1602">
     <span class='ocr_line' id='line_1_21' title="bbox 95 1488 1346 1538; baseline 0.002 -15"><span class='ocrx_word' id='word_1_170' title='bbox 95 1494 132 1524; x_wconf 89' lang='lat' dir='ltr'><strong>et</strong></span> <span class='ocrx_word' id='word_1_171' title='bbox 155 1488 354 1537; x_wconf 89' lang='lat' dir='ltr'><strong>impotens,</strong></span> <span class='ocrx_word' id='word_1_172' title='bbox 377 1495 581 1538; x_wconf 90' lang='lat' dir='ltr'><strong>postquam</strong></span> <span class='ocrx_word' id='word_1_173' title='bbox 602 1489 698 1525; x_wconf 89' lang='lat' dir='ltr'><strong>inter</strong></span> <span class='ocrx_word' id='word_1_174' title='bbox 717 1494 843 1536; x_wconf 91' lang='lat' dir='ltr'><strong>patres</strong></span> <span class='ocrx_word' id='word_1_175' title='bbox 867 1499 958 1533; x_wconf 86' lang='lat' dir='ltr'><strong>non,</strong></span> <span class='ocrx_word' id='word_1_176' title='bbox 976 1494 1162 1536; x_wconf 89' lang='lat' dir='ltr'><strong>quantum</strong></span> <span class='ocrx_word' id='word_1_177' title='bbox 1181 1500 1346 1538; x_wconf 89' lang='lat' dir='ltr'><strong>aequum</strong></span> 
     </span>
     <span class='ocr_line' id='line_1_22' title="bbox 95 1552 1378 1602; baseline 0.002 -13"><span class='ocrx_word' id='word_1_178' title='bbox 95 1554 285 1599; x_wconf 87' lang='lat' dir='ltr'><strong>censebat,</strong></span> <span class='ocrx_word' id='word_1_179' title='bbox 317 1553 500 1591; x_wconf 86' lang='lat' dir='ltr'><strong>excellere</strong></span> <span class='ocrx_word' id='word_1_180' title='bbox 531 1566 620 1591; x_wconf 89' lang='lat' dir='ltr'><strong>suas</strong></span> <span class='ocrx_word' id='word_1_181' title='bbox 655 1565 747 1602; x_wconf 89' lang='lat' dir='ltr'><strong>opes</strong></span> <span class='ocrx_word' id='word_1_182' title='bbox 779 1552 1053 1599; x_wconf 82' lang='lat' dir='ltr'><strong>animadvertit,</strong></span> <span class='ocrx_word' id='word_1_183' title='bbox 1086 1554 1230 1602; x_wconf 89' lang='lat' dir='ltr'><strong>primus</strong></span> <span class='ocrx_word' id='word_1_184' title='bbox 1262 1563 1378 1595; x_wconf 88' lang='lat' dir='ltr'><strong>om-7</strong></span> 
     </span>
    </p>

    <p class='ocr_par' dir='ltr' id='par_1_17' title="bbox 95 1617 1346 1668">
     <span class='ocr_line' id='line_1_23' title="bbox 95 1617 1346 1668; baseline 0.003 -15"><span class='ocrx_word' id='word_1_185' title='bbox 95 1617 201 1654; x_wconf 92' lang='lat' dir='ltr'><strong>nium</strong></span> <span class='ocrx_word' id='word_1_186' title='bbox 212 1630 259 1654; x_wconf 84' lang='lat' dir='ltr'><strong>ex</strong></span> <span class='ocrx_word' id='word_1_187' title='bbox 273 1619 441 1667; x_wconf 88' lang='lat' dir='ltr'><strong>patribus</strong></span> <span class='ocrx_word' id='word_1_188' title='bbox 455 1619 647 1668; x_wconf 90' lang='lat' dir='ltr'><strong>popularis</strong></span> <span class='ocrx_word' id='word_1_189' title='bbox 659 1617 780 1655; x_wconf 87' lang='lat' dir='ltr'><strong>factus</strong></span> <span class='ocrx_word' id='word_1_190' title='bbox 792 1629 880 1654; x_wconf 91' lang='lat' dir='ltr'><strong>cum</strong></span> <span class='ocrx_word' id='word_1_191' title='bbox 893 1617 1049 1667; x_wconf 90' lang='lat' dir='ltr'><strong>plebeiis</strong></span> <span class='ocrx_word' id='word_1_192' title='bbox 1064 1619 1346 1667; x_wconf 86' lang='lat' dir='ltr'><strong>magistratibus</strong></span> 
     </span>
    </p>

    <p class='ocr_par' dir='ltr' id='par_1_18' title="bbox 94 1683 1347 1732">
     <span class='ocr_line' id='line_1_24' title="bbox 94 1683 1347 1732; baseline 0.003 -13"><span class='ocrx_word' id='word_1_193' title='bbox 94 1683 254 1720; x_wconf 87' lang='lat' dir='ltr'><strong>consilia</strong></span> <span class='ocrx_word' id='word_1_194' title='bbox 283 1685 585 1729; x_wconf 87' lang='lat' dir='ltr'><strong>communicare;</strong></span> <span class='ocrx_word' id='word_1_195' title='bbox 628 1683 868 1721; x_wconf 86' lang='lat' dir='ltr'><strong>criminando</strong></span> <span class='ocrx_word' id='word_1_196' title='bbox 896 1690 1033 1732; x_wconf 89' lang='lat' dir='ltr'><strong>patres,</strong></span> <span class='ocrx_word' id='word_1_197' title='bbox 1065 1683 1268 1722; x_wconf 87' lang='lat' dir='ltr'><strong>alliciendo</strong></span> <span class='ocrx_word' id='word_1_198' title='bbox 1298 1685 1347 1723; x_wconf 92' lang='lat' dir='ltr'><strong>ad</strong></span> 
     </span>
    </p>

    <p class='ocr_par' dir='ltr' id='par_1_19' title="bbox 95 1747 1347 1800">
     <span class='ocr_line' id='line_1_25' title="bbox 95 1747 1347 1800; baseline 0.003 -16"><span class='ocrx_word' id='word_1_199' title='bbox 95 1759 136 1785; x_wconf 87' lang='lat' dir='ltr'><strong>se</strong></span> <span class='ocrx_word' id='word_1_200' title='bbox 155 1747 317 1797; x_wconf 90' lang='lat' dir='ltr'><strong>plebem,</strong></span> <span class='ocrx_word' id='word_1_201' title='bbox 339 1749 416 1786; x_wconf 85' lang='lat' dir='ltr'><strong>iam</strong></span> <span class='ocrx_word' id='word_1_202' title='bbox 437 1761 539 1794; x_wconf 87' lang='lat' dir='ltr'><strong>aura,</strong></span> <span class='ocrx_word' id='word_1_203' title='bbox 561 1761 640 1787; x_wconf 92' lang='lat' dir='ltr'><strong>non</strong></span> <span class='ocrx_word' id='word_1_204' title='bbox 661 1749 821 1786; x_wconf 92' lang='lat' dir='ltr'><strong>consilio</strong></span> <span class='ocrx_word' id='word_1_205' title='bbox 842 1747 928 1785; x_wconf 92' lang='lat' dir='ltr'><strong>ferri</strong></span> <span class='ocrx_word' id='word_1_206' title='bbox 952 1748 1153 1799; x_wconf 86' lang='lat' dir='ltr'><strong>famaeque</strong></span> <span class='ocrx_word' id='word_1_207' title='bbox 1182 1762 1347 1800; x_wconf 87' lang='lat' dir='ltr'><strong>magnae</strong></span> 
     </span>
    </p>

    <p class='ocr_par' dir='ltr' id='par_1_20' title="bbox 93 1813 1379 1866">
     <span class='ocr_line' id='line_1_26' title="bbox 93 1813 1379 1866; baseline 0.005 -17"><span class='ocrx_word' id='word_1_208' title='bbox 93 1813 205 1850; x_wconf 89' lang='lat' dir='ltr'><strong>malle</strong></span> <span class='ocrx_word' id='word_1_209' title='bbox 233 1825 350 1863; x_wconf 86' lang='lat' dir='ltr'><strong>quam</strong></span> <span class='ocrx_word' id='word_1_210' title='bbox 379 1815 505 1852; x_wconf 92' lang='lat' dir='ltr'><strong>bonae</strong></span> <span class='ocrx_word' id='word_1_211' title='bbox 533 1827 626 1852; x_wconf 88' lang='lat' dir='ltr'><strong>esse.</strong></span> <span class='ocrx_word' id='word_1_212' title='bbox 682 1813 732 1851; x_wconf 84' lang='lat' dir='ltr'><strong>Et</strong></span> <span class='ocrx_word' id='word_1_213' title='bbox 753 1826 832 1851; x_wconf 91' lang='lat' dir='ltr'><strong>non</strong></span> <span class='ocrx_word' id='word_1_214' title='bbox 852 1820 1055 1851; x_wconf 89' lang='lat' dir='ltr'><strong>contentus</strong></span> <span class='ocrx_word' id='word_1_215' title='bbox 1075 1816 1231 1864; x_wconf 89' lang='lat' dir='ltr'><strong>agrariis</strong></span> <span class='ocrx_word' id='word_1_216' title='bbox 1255 1816 1346 1866; x_wconf 88' lang='lat' dir='ltr'><strong>legi·</strong></span> <span class='ocrx_word' id='word_1_217' title='bbox 1361 1826 1379 1856; x_wconf 89' lang='lat'>8</span> 
     </span>
    </p>

    <p class='ocr_par' dir='ltr' id='par_1_21' title="bbox 90 1879 1348 1998">
     <span class='ocr_line' id='line_1_27' title="bbox 95 1879 1344 1930; baseline 0.004 -15"><span class='ocrx_word' id='word_1_218' title='bbox 95 1879 176 1925; x_wconf 91' lang='lat' dir='ltr'><strong>bus,</strong></span> <span class='ocrx_word' id='word_1_219' title='bbox 190 1891 288 1928; x_wconf 91' lang='lat' dir='ltr'><strong>quae</strong></span> <span class='ocrx_word' id='word_1_220' title='bbox 303 1881 460 1917; x_wconf 87' lang='lat' dir='ltr'><strong>materia</strong></span> <span class='ocrx_word' id='word_1_221' title='bbox 481 1892 630 1930; x_wconf 89' lang='lat' dir='ltr'><strong>semper</strong></span> <span class='ocrx_word' id='word_1_222' title='bbox 648 1879 810 1917; x_wconf 88' lang='lat' dir='ltr'><strong>tribunis</strong></span> <span class='ocrx_word' id='word_1_223' title='bbox 830 1879 932 1928; x_wconf 89' lang='lat' dir='ltr'><strong>plebi</strong></span> <span class='ocrx_word' id='word_1_224' title='bbox 953 1880 1183 1918; x_wconf 88' lang='lat' dir='ltr'><strong>seditionum</strong></span> <span class='ocrx_word' id='word_1_225' title='bbox 1204 1881 1344 1929; x_wconf 90' lang='lat' dir='ltr'><strong>fuisset,</strong></span> 
     </span>
     <span class='ocr_line' id='line_1_28' title="bbox 90 1943 1348 1998; baseline 0.003 -16"><span class='ocrx_word' id='word_1_226' title='bbox 90 1943 353 1998; x_wconf 36' lang='lat' dir='ltr'><strong>{idern-moliri</strong></span> <span class='ocrx_word' id='word_1_227' title='bbox 374 1946 520 1995; x_wconf 87' lang='lat' dir='ltr'><strong>coepit:</strong></span> <span class='ocrx_word' id='word_1_228' title='bbox 551 1946 712 1983; x_wconf 83' lang='lat' dir='ltr'><strong>acriores</strong></span> <span class='ocrx_word' id='word_1_229' title='bbox 739 1946 879 1995; x_wconf 86' lang='lat' dir='ltr'><strong>quippe</strong></span> <span class='ocrx_word' id='word_1_230' title='bbox 910 1947 1006 1983; x_wconf 90' lang='lat' dir='ltr'><strong>aeris</strong></span> <span class='ocrx_word' id='word_1_231' title='bbox 1036 1946 1146 1983; x_wconf 90' lang='lat' dir='ltr'><strong>alieni</strong></span> <span class='ocrx_word' id='word_1_232' title='bbox 1175 1948 1348 1986; x_wconf 88' lang='lat' dir='ltr'><strong>stimulos</strong></span> 
     </span>
    </p>

    <p class='ocr_par' dir='ltr' id='par_1_22' title="bbox 94 2009 1344 2060">
     <span class='ocr_line' id='line_1_29' title="bbox 94 2009 1344 2060; baseline 0.003 -15"><span class='ocrx_word' id='word_1_233' title='bbox 94 2020 188 2054; x_wconf 90' lang='lat' dir='ltr'><strong>esse,</strong></span> <span class='ocrx_word' id='word_1_234' title='bbox 203 2009 267 2058; x_wconf 90' lang='lat' dir='ltr'><strong>qui</strong></span> <span class='ocrx_word' id='word_1_235' title='bbox 282 2022 361 2047; x_wconf 91' lang='lat' dir='ltr'><strong>non</strong></span> <span class='ocrx_word' id='word_1_236' title='bbox 377 2018 583 2060; x_wconf 83' lang='lat' dir='ltr'><strong>egestatem</strong></span> <span class='ocrx_word' id='word_1_237' title='bbox 602 2011 722 2048; x_wconf 88' lang='lat' dir='ltr'><strong>modo</strong></span> <span class='ocrx_word' id='word_1_238' title='bbox 742 2018 854 2059; x_wconf 88' lang='lat' dir='ltr'><strong>atque</strong></span> <span class='ocrx_word' id='word_1_239' title='bbox 870 2011 1122 2060; x_wconf 83' lang='lat' dir='ltr'><strong>ignominiam</strong></span> <span class='ocrx_word' id='word_1_240' title='bbox 1142 2012 1344 2058; x_wconf 78' lang='lat' dir='ltr'><strong>minentur,</strong></span> 
     </span>
    </p>

    <p class='ocr_par' dir='ltr' id='par_1_23' title="bbox 95 2074 1609 2322">
     <span class='ocr_line' id='line_1_30' title="bbox 95 2074 1609 2136; baseline 0.004 -26"><span class='ocrx_word' id='word_1_241' title='bbox 95 2074 163 2111; x_wconf 89' lang='lat' dir='ltr'><strong>sed</strong></span> <span class='ocrx_word' id='word_1_242' title='bbox 200 2086 317 2112; x_wconf 91' lang='lat' dir='ltr'><strong>nervo</strong></span> <span class='ocrx_word' id='word_1_243' title='bbox 350 2088 394 2113; x_wconf 92' lang='lat' dir='ltr'><strong>ac</strong></span> <span class='ocrx_word' id='word_1_244' title='bbox 426 2076 556 2113; x_wconf 91' lang='lat' dir='ltr'><strong>vinclis</strong></span> <span class='ocrx_word' id='word_1_245' title='bbox 589 2088 728 2125; x_wconf 89' lang='lat' dir='ltr'><strong>corpus</strong></span> <span class='ocrx_word' id='word_1_246' title='bbox 759 2075 921 2113; x_wconf 87' lang='lat' dir='ltr'><strong>liberum</strong></span> <span class='ocrx_word' id='word_1_247' title='bbox 954 2077 1133 2115; x_wconf 87' lang='lat' dir='ltr'><strong>territent.</strong></span> <span class='ocrx_word' id='word_1_248' title='bbox 1189 2078 1238 2115; x_wconf 89' lang='lat' dir='ltr'><strong>Et</strong></span> <span class='ocrx_word' id='word_1_249' title='bbox 1267 2086 1345 2115; x_wconf 91' lang='lat' dir='ltr'><strong>erat</strong></span> <span class='ocrx_word' id='word_1_250' title='bbox 1344 2088 1393 2136; x_wconf 10' lang='lat' dir='ltr'><strong>Aa?</strong></span> <span class='ocrx_word' id='word_1_251' title='bbox 1480 2104 1609 2136; x_wconf 21' lang='lat' dir='ltr'><strong>‘war</strong></span> 
     </span>
     <span class='ocr_line' id='line_1_31' title="bbox 95 2134 1607 2193; baseline 0.002 -17"><span class='ocrx_word' id='word_1_252' title='bbox 95 2139 192 2176; x_wconf 87' lang='lat' dir='ltr'><strong>aeris</strong></span> <span class='ocrx_word' id='word_1_253' title='bbox 227 2139 338 2177; x_wconf 90' lang='lat' dir='ltr'><strong>alieni</strong></span> <span class='ocrx_word' id='word_1_254' title='bbox 367 2153 510 2190; x_wconf 90' lang='lat' dir='ltr'><strong>magna</strong></span> <span class='ocrx_word' id='word_1_255' title='bbox 537 2141 590 2178; x_wconf 73' lang='lat' dir='ltr'><strong>vis</strong></span> <span class='ocrx_word' id='word_1_256' title='bbox 617 2153 680 2191; x_wconf 44' lang='grc' dir='ltr'><strong>[ᾗ</strong></span> <span class='ocrx_word' id='word_1_257' title='bbox 687 2140 980 2190; x_wconf 80' lang='lat' dir='ltr'><strong>damnosissima</strong></span> <span class='ocrx_word' id='word_1_258' title='bbox 1013 2143 1127 2179; x_wconf 88' lang='lat' dir='ltr'><strong>etiam</strong></span> <span class='ocrx_word' id='word_1_259' title='bbox 1156 2134 1499 2191; x_wconf 40' lang='lat' dir='ltr'><strong>divitibusJiLT-&#39;fl</strong></span> <span class='ocrx_word' id='word_1_260' title='bbox 1516 2164 1531 2170; x_wconf 56' lang='lat'>2</span> <span class='ocrx_word' id='word_1_261' title='bbox 1581 2143 1607 2193; x_wconf 68' lang='lat'><strong>‚‘</strong></span> 
     </span>
     <span class='ocr_line' id='line_1_32' title="bbox 95 2194 1577 2259; baseline 0.005 -18"><span class='ocrx_word' id='word_1_262' title='bbox 95 2204 344 2251; x_wconf 85' lang='lat' dir='ltr'><strong>aedificando,</strong></span> <span class='ocrx_word' id='word_1_263' title='bbox 365 2213 572 2243; x_wconf 86' lang='lat' dir='ltr'><strong>contracta.</strong></span> <span class='ocrx_word' id='word_1_264' title='bbox 617 2205 767 2243; x_wconf 87' lang='lat' dir='ltr'><strong>Bellum</strong></span> <span class='ocrx_word' id='word_1_265' title='bbox 786 2206 912 2256; x_wconf 91' lang='lat' dir='ltr'><strong>itaque</strong></span> <span class='ocrx_word' id='word_1_266' title='bbox 927 2206 1125 2254; x_wconf 87' lang='lat' dir='ltr'><strong>Volscum,</strong></span> <span class='ocrx_word' id='word_1_267' title='bbox 1147 2221 1258 2258; x_wconf 80' lang='lat' dir='ltr'><strong>grave</strong></span> <span class='ocrx_word' id='word_1_268' title='bbox 1277 2198 1399 2259; x_wconf 47' lang='lat' dir='ltr'><strong>perf&#39;ss‘</strong></span> <span class='ocrx_word' id='word_1_269' title='bbox 1410 2199 1491 2250; x_wconf 48' lang='lat'><strong>2111?</strong></span> <span class='ocrx_word' id='word_1_270' title='bbox 1517 2194 1540 2226; x_wconf 85' lang='lat'>-&#39;.·</span> <span class='ocrx_word' id='word_1_271' title='bbox 1569 2195 1577 2205; x_wconf 39' lang='lat'>⁸</span> 
     </span>
     <span class='ocr_line' id='line_1_33' title="bbox 95 2268 1406 2322; baseline 0.005 -15"><span class='ocrx_word' id='word_1_272' title='bbox 95 2282 148 2318; x_wconf 82' lang='lat' dir='ltr'><strong>se,</strong></span> <span class='ocrx_word' id='word_1_273' title='bbox 175 2278 372 2309; x_wconf 91' lang='lat' dir='ltr'><strong>oneratum</strong></span> <span class='ocrx_word' id='word_1_274' title='bbox 392 2270 615 2309; x_wconf 89' lang='lat' dir='ltr'><strong>Latinorum</strong></span> <span class='ocrx_word' id='word_1_275' title='bbox 645 2279 757 2322; x_wconf 89' lang='lat' dir='ltr'><strong>atque</strong></span> <span class='ocrx_word' id='word_1_276' title='bbox 778 2271 1037 2310; x_wconf 88' lang='lat' dir='ltr'><strong>Hernicorum</strong></span> <span class='ocrx_word' id='word_1_277' title='bbox 1058 2273 1282 2321; x_wconf 78' lang='lat' dir='ltr'><strong>defectione,</strong></span> <span class='ocrx_word' id='word_1_278' title='bbox 1305 2277 1345 2313; x_wconf 91' lang='lat' dir='ltr'><strong>in</strong></span> <span class='ocrx_word' id='word_1_279' title='bbox 1380 2268 1406 2275; x_wconf 27' lang='lat' dir='ltr'>W</span> 
     </span>
    </p>
   </div>
  </div>
 </body>
</html>
