1637 2554
273 128 380 160 WAR
411 128 477 160 IN
497 128 719 160 ETRURJA
747 127 855 158 ANB
884 127 1090 159 LATJUM.
1227 127 1304 171 115

51 236 212 274 tribunis
245 243 281 273 et
314 236 394 285 ipse
429 234 623 280 Camillus,
654 233 838 272 confusus
872 235 1012 279 animo,
1043 234 1183 283 gratias
1217 235 1507 282 egit.n‚c.3ge.

52 301 194 350 Ingens
214 301 302 338 inde
322 301 372 338 ait
392 311 489 339 onus
509 312 532 337 a
551 299 693 349 populo
716 299 897 337 Romano
916 300 998 345 sibi,
1020 300 1085 348 qui
1106 311 1144 336 se
1168 295 1304 350 [dicta-
1320 300 1337 330 8

51 363 190 418 torem]
212 367 288 403 iam
309 373 484 415 quartum
505 372 679 410 creasset,
700 376 886 414 magnum
907 377 928 401 a
949 371 1082 402 senatu
1102 364 1238 401 talibus
1259 364 1306 401 de

54 443 93 468 se
114 431 260 468 iudiciis
279 431 359 468 eius
376 430 528 476 ordinis,
543 431 754 467 maximum
769 436 847 466 tarn
863 429 1052 467 honorato
1074 429 1306 478 collegarum

53 497 242 546 obsequio
276 496 432 545 iniungi.
490 495 625 546 Itaque
657 496 687 532 si
722 495 812 544 quid
847 495 988 532 laboris
1018 494 1339 544 vigiliarumque9

54 562 162 599 adiici
190 562 318 611 possit,
340 568 547 599 certantem
575 572 706 598 secum
731 561 856 609 ipsum
884 560 1118 604 annisurum,
1139 567 1180 597 ut
1202 567 1308 597 tanto

55 627 101 663 de
140 639 180 664 se
219 638 408 664 consensu
444 625 602 663 civitatis
639 625 873 674 opinionem,
907 637 1005 674 quae
1044 625 1213 661 maxima
1250 625 1308 671 sit,

55 692 170 729 etiam
189 697 431 729 constantem
452 690 599 728 efficiat.
649 689 767 736 Quod
783 690 830 727 ad
847 690 989 727 bellurn
1005 698 1117 740 atque
1134 690 1308 726 Antiates
1322 695 1362 725 10

57 758 223 802 attineat,
244 757 328 806 plus
347 757 398 793 ibi
422 757 612 794 minarum
639 768 757 805 quam
783 756 939 805 periculi
966 768 1070 802 esse;
1102 768 1141 793 se
1169 763 1308 802 tamen,

55 831 95 860 ut
129 822 220 859 nihil
252 822 422 868 timendi,
457 823 511 860 sic
545 822 637 859 nihil
673 822 946 860 contemnendi
981 828 1176 860 auctorem
1214 833 1307 859 esse.

57 887 336 925 circumsederi
365 889 499 925 urbem
529 887 748 925 Romanam
776 888 825 924 ab
851 887 992 924 invidia
1018 895 1053 924 et
1080 887 1169 924 odio
1196 887 1308 924 finiti·
1324 891 1362 920 11

56 965 207 991 morum
223 965 234 1000 3
262 953 388 1003 itaque
409 960 446 990 et
466 952 626 990 ducibus
646 953 815 1002 pluribus
831 960 867 990 et
883 952 1111 990 exercitibus
1127 952 1308 989 adminis-

56 1018 231 1055 trandam
269 1030 350 1055 rem
383 1018 576 1068 publicam
611 1031 704 1056 esse.
776 1017 880 1056 ‘Te’
915 1019 1045 1067 inquit,
1081 1017 1145 1054 ‘L.
1170 1017 1364 1062 Valeri,12

59 1083 203 1120 socium
246 1083 392 1132 imperii
441 1083 664 1133 consiliique
712 1083 883 1132 legiones
930 1095 1083 1121 mecum
1131 1082 1310 1119 adversus

56 1146 250 1183 Antiatem
288 1145 438 1183 hostem
478 1146 615 1184 ducere
654 1145 800 1196 placet;
841 1153 888 1191 te,
926 1145 975 1192 Q.
1014 1145 1157 1191 Servili,
1193 1144 1310 1181 altero
1326 1147 1364 1178 13

57 1210 226 1248 exercitu
264 1210 448 1248 instructo
486 1218 697 1260 paratoque
737 1211 785 1248 ad
822 1212 957 1249 urbem
997 1218 1120 1249 castra
1157 1209 1310 1253 habere,

57 1277 256 1321 intentum,
277 1275 353 1313 sive
373 1276 525 1314 Etruria
545 1288 584 1314 se
604 1277 766 1323 interim,
788 1284 828 1314 ut
849 1289 981 1326 nuper,
1003 1277 1079 1314 sive
1098 1287 1198 1313 nova
1217 1274 1311 1311 haec

60 1352 161 1386 cura,
183 1339 310 1378 Latini
330 1348 444 1391 atque
466 1341 623 1380 Hernici
645 1342 831 1379 moverint
847 1355 856 1388 ;
888 1354 959 1391 pro
979 1349 1083 1379 certo
1103 1341 1240 1384 habeo,
1260 1339 1311 1376 ita

59 1418 139 1443 rem
158 1413 365 1455 gesturum,
386 1414 426 1444 ut
446 1414 564 1457 patre,
581 1419 653 1445 avo
672 1414 783 1457 teque
803 1408 888 1456 ipso
908 1419 952 1444 ac
973 1419 1039 1444 sex
1061 1405 1314 1444 tribunatibus

1326 1447 1440 1469 vm‚‚r
1460 1451 1524 1467 Aa.
1545 1454 1614 1470 tua.

59 1471 220 1520 dignum
239 1479 306 1509 est.
365 1472 518 1509 Tertius
539 1472 722 1510 exercitus
744 1485 790 1510 ex
817 1473 994 1524 Qarsss
1024 1472 1313 1520 senioribusque
1327 1475 1367 1505 14
1382 1462 1390 1467 ”

60 1548 82 1572 a
109 1535 153 1572 L.
182 1535 363 1582 Quinctio
393 1537 588 1584 scribatur,
617 1538 682 1585 qui
709 1538 791 1574 urbi
819 1538 1097 1586 moenibusque
1123 1535 1314 1586 praesidio

60 1602 118 1639 sit.
174 1600 218 1639 L.
234 1601 420 1640 Horatius
440 1614 555 1646 arma,
572 1602 655 1648 tela,
673 1602 916 1648 frumentum,
940 1614 1114 1651 quaeque
1135 1602 1208 1639 alia
1227 1599 1316 1638 belli

59 1674 233 1716 tempora
256 1674 424 1716 poscent,
452 1668 659 1716 provideat.
720 1667 790 1713 Te,
814 1667 891 1705 Ser.
914 1667 1080 1712 Corneli,
1100 1665 1316 1716 praesidem
1330 1669 1369 1700 15

60 1731 171 1768 huius
199 1731 339 1781 publici
368 1732 526 1778 consilii,
557 1732 756 1770 custodem
785 1733 1027 1781 religionum,
1062 1732 1315 1775 comitiorum,

61 1796 202 1846 legum,
240 1808 366 1834 rerum
414 1797 588 1835 omnium
634 1798 880 1842 urbanarum,
920 1797 1092 1846 collegae
1135 1793 1317 1834 facimus.y

62 1860 221 1900 Cunctis
263 1862 303 1898 in
350 1869 477 1911 partes
524 1863 693 1900 muneris
741 1863 799 1900 sui
841 1863 1009 1912 benigne
1052 1862 1318 1912 pollicentibus
1332 1865 1371 1895 16

63 1938 231 1975 operam,
251 1926 439 1974 Valerius,
461 1928 587 1966 socius
608 1928 755 1978 imperii
775 1928 905 1974 lectus,
925 1928 1070 1974 adiecit,
1089 1927 1144 1965 M.
1162 1927 1319 1965 Furium

64 1993 135 2030 sibi
153 2005 225 2041 pro
245 1993 427 2031 dictatore
447 2006 564 2043 seque
584 1994 618 2031 ei
637 2007 708 2044 pro
727 1995 912 2043 magistro
932 1995 1103 2043 equitum
1127 1993 1318 2039 futurum;

63 2058 236 2106 proinde,
257 2071 374 2108 quam
394 2060 620 2108 opinionem
639 2059 686 2097 de
705 2060 822 2096 unico
843 2059 1083 2108 imperatore,
1104 2071 1190 2096 eam
1210 2047 1372 2108 spem'17

65 2123 113 2160 de
142 2123 243 2161 bello
276 2124 470 2162 haberent.
529 2125 578 2162 Se
608 2137 699 2163 vero
729 2126 829 2162 bene
863 2137 1016 2174 sperare
1048 2132 1173 2174 patres
1205 2131 1243 2162 et
1272 2124 1319 2161 de

66 2189 167 2227 bello
204 2197 240 2228 et
277 2191 324 2228 de
361 2203 458 2241 pace
491 2192 741 2241 universaque
774 2205 815 2229 re
848 2191 1002 2241 publica
1034 2192 1147 2229 erecti
1179 2191 1320 2240 gaudio
1335 2201 1374 2230 18

66 2254 242 2303 fremunt,
270 2268 341 2294 nec
367 2256 551 2295 dictatore
574 2268 748 2307 unquam
773 2269 871 2308 opus
897 2257 978 2296 fore
1002 2257 1054 2295 rei
1078 2256 1265 2307 publicae,
1290 2256 1322 2293 si

658 2334 727 2360 ΗΖ
