1736 2521
383 147 464 190 130
727 143 856 185 LJVY,
886 143 1024 176 BOOK
1047 143 1106 176 VJ.
1134 144 1197 188 17,
1221 133 1285 176 18.

179 256 262 286 nc.
276 257 366 286 385.
379 261 500 299 quum
528 249 699 295 remisso,
725 249 830 300 quod
859 249 1021 300 erepturi
1049 255 1166 296 erant,
1193 262 1240 288 ex
1271 256 1425 288 senatus
1455 248 1633 288 consulto

381 313 549 352 Manlius
577 315 708 353 vinclis
741 315 944 362 liberatur;
993 327 1072 366 quo
1107 315 1206 354 sacto
1239 328 1319 354 non
1353 315 1488 354 seditio
1517 314 1633 360 finita,

349 384 368 419 7
382 380 449 418 sed
473 380 550 417 dux
575 380 750 418 seditioni
778 380 888 418 datus
915 387 984 418 est.
1041 380 1113 419 Per
1139 381 1297 419 eosdem
1324 381 1404 418 dies
1425 380 1572 418 Latinis
1597 385 1634 416 et

381 444 572 490 Hernicis,
603 445 714 483 simul
745 445 892 483 colonis
923 444 1202 483 Circeiensibus
1233 453 1270 484 et
1304 458 1326 484 a
1349 445 1513 491 Velitris,
1544 456 1633 494 pur-

380 511 558 560 gantibus
580 522 620 548 se
642 510 778 548 Volsci
799 511 956 548 crimine
982 511 1070 548 belli
1091 512 1339 561 captivosque
1366 511 1633 561 repetentibus,

379 583 422 613 ut
454 576 531 612 suis
566 575 711 624 legibus
744 576 784 612 in
819 587 887 614 eos
922 576 1271 621 animadverterent,
1304 577 1420 614 tristia
1452 586 1635 625 responsa

380 640 537 686 reddita,
559 641 721 678 tristiora
749 640 908 687 colonis,
931 641 1037 690 quod
1067 642 1166 679 cives
1196 641 1365 679 Romani
1394 641 1536 691 patriae
1564 652 1635 689 op-

349 716 367 746 8
380 705 612 755 pugnandae
632 706 798 744 nefanda
818 706 974 744 consilia
994 707 1161 744 inissent.
1201 706 1293 745 Non
1311 714 1490 757 negatum
1507 706 1635 755 itaque

380 778 528 809 tantum
555 771 603 809 de
629 772 796 821 captivis,
818 772 896 817 sed,
917 772 954 809 in
983 784 1060 822 quo
1087 773 1136 810 ab
1163 773 1275 810 sociis
1301 779 1429 809 tamen
1449 779 1635 821 tempera-

378 843 524 881 verant,
554 836 821 874 denuntiatum
860 844 1011 875 senatus
1043 838 1176 884 verbis,
1208 838 1436 875 facesserent
1474 847 1635 886 propere

379 915 427 939 ex
453 902 545 939 urbe
572 902 620 938 ab
647 914 713 940 ore
739 909 853 952 atque
881 903 1001 940 oculis
1028 903 1158 952 populi
1180 903 1357 949 Romani,
1380 915 1427 939 ne
1455 902 1548 939 nihil
1567 912 1635 939 eos

379 967 582 1017 legationis
608 966 678 1014 ius,
699 975 868 1014 externo,
890 980 967 1006 non
990 969 1061 1006 civi
1083 975 1359 1019 comparatum,
1381 975 1533 1018 tegeret.

216 1080 288 1113 Ch.
306 1079 398 1121 18.§
419 1091 445 1116 1.
476 1083 510 1114 T
505 1083 580 1115 ltere
603 1083 631 1114 is
658 1095 699 1115 no
721 1094 796 1114 war
819 1083 948 1122 abroaa',
973 1083 1044 1114 and
1067 1083 1223 1126 therefore
1253 1084 1304 1114 the
1327 1084 1470 1124 struggle
1500 1083 1635 1114 between

458 1135 651 1176 patriciam
681 1136 753 1166 and
772 1135 861 1176 plebs
892 1136 1024 1166 becomes
1057 1146 1142 1167 merc
1177 1136 1311 1167 intense.
1381 1138 1446 1174 53.
1470 1134 1634 1172 Manlius,

454 1186 551 1228 from
589 1187 642 1218 his
675 1187 771 1218 lzousc
801 1197 841 1217 on
872 1187 924 1217 the
962 1188 1099 1228 Capilol,
1127 1198 1221 1228 urges
1248 1187 1300 1218 the
1324 1187 1413 1228 plebs
1446 1191 1476 1218 lo
1505 1187 1611 1217 action
1625 1195 1635 1216 .·

467 1239 586 1269 ‘Slmw
602 1249 693 1278 your
708 1238 865 1279 strength,
883 1239 955 1269 aml
967 1250 1035 1279 you
1052 1240 1130 1270 will
1140 1245 1194 1280 get
1209 1250 1301 1279 your
1314 1239 1430 1279 rights.
1486 1239 1551 1270 You
1574 1247 1635 1268 can

466 1291 539 1321 rule
561 1290 614 1321 tlte
631 1291 819 1331 patriciam
839 1301 876 1321 as
891 1301 960 1331 you
976 1291 1056 1322 have
1080 1292 1178 1322 rulcd
1191 1302 1283 1331 your
1301 1291 1446 1329 cnemies,
1469 1290 1507 1331 1]
1513 1299 1581 1330 you
1603 1299 1636 1320 so

466 1343 595 1374 resolve.
640 1342 796 1373 Dictator
808 1342 880 1372 and
891 1343 1006 1373 consul
1018 1347 1107 1373 must
1112 1343 1193 1384 fall,
1210 1343 1281 1374 and
1292 1343 1345 1374 llzc
1353 1342 1442 1383 plebs
1458 1342 1491 1374 be
1496 1341 1572 1384 free
1582 1340 1595 1372 ,Ι
1605 1339 1612 1352 ’

347 1430 363 1458 1
434 1419 741 1458 Recrudescente
780 1419 979 1458 Manliana
1016 1421 1214 1467 seditione,
1253 1423 1325 1459 sub
1363 1422 1507 1459 exitum
1544 1420 1636 1458 anni

379 1486 535 1524 comitia
576 1486 716 1529 habita,
746 1487 938 1536 creatique
970 1487 1110 1524 tribuni
1148 1487 1310 1524 militum
1344 1486 1534 1525 consulari
1566 1497 1634 1535 po·

176 1557 259 1586 nc.
276 1558 366 1586 384.
379 1558 513 1589 testate
549 1551 626 1589 Ser.
657 1551 856 1589 Cornelius
892 1551 1174 1601 Maluginensis
1213 1553 1360 1598 iterum,
1390 1551 1431 1589 P.
1459 1551 1635 1589 Valerius

379 1615 525 1654 Potitus
564 1617 711 1661 iterum,
741 1615 796 1654 M.
822 1617 958 1654 Furius
997 1616 1182 1654 Camillus
1221 1619 1409 1668 quintum,
1441 1617 1518 1655 Ser.
1551 1616 1633 1654 Sul-

379 1681 501 1731 picius
535 1681 658 1719 Rufus
696 1682 842 1728 iterum,
870 1681 912 1720 C.
941 1682 1113 1731 Papirius
1147 1682 1319 1729 Crassus,
1350 1683 1398 1723 T.
1429 1682 1634 1729 Quinctius

347 1746 631 1784 2Cincinnatus
670 1747 816 1785 iterum.
874 1747 995 1785 Cuius
1032 1749 1218 1798 principio
1259 1749 1349 1786 anni
1388 1755 1424 1786 et
1462 1748 1634 1797 patribus

378 1820 415 1850 et
437 1813 539 1864 plebi
565 1820 852 1862 peropportune
877 1820 1034 1852 externa
1060 1827 1135 1864 pax
1167 1815 1265 1861 data,
1287 1815 1398 1864 plebi,
1420 1813 1525 1864 quod
1551 1825 1633 1850 non

377 1886 537 1917 avocata
565 1878 705 1916 dilectu
737 1891 844 1929 spem
875 1880 986 1930 cepit,
1007 1869 1099 1918 dum
1133 1888 1210 1918 tarn
1244 1887 1439 1930 potentem
1477 1879 1633 1916 haberet

377 1945 526 1989 ducem,
560 1944 701 1982 fenoris
739 1945 998 1995 expugnandi,
1035 1947 1218 1996 patribus,
1257 1959 1306 1983 ne
1351 1958 1428 1995 quo
1473 1951 1632 1982 externo

377 2016 518 2048 terrore
547 2017 797 2048 avocarentur
825 2012 944 2049 animi
973 2013 1022 2050 ab
1052 2012 1234 2050 sanandis
1263 2004 1483 2049 do'nfes'ticis
1511 2009 1631 2047 malis.

347 2076 498 2125 3Igitur
527 2087 647 2125 quum
678 2088 766 2125 pars
796 2084 957 2126 utraque
986 2078 1107 2115 acrior
1135 2078 1330 2125 aliquanto
1359 2083 1491 2114 coorta
1519 2080 1629 2120 esset,

378 2141 454 2177 iam
474 2141 733 2190 propinquum
759 2149 953 2180 certamen
979 2143 1119 2180 aderat.
1176 2142 1225 2180 Et
1246 2142 1424 2188 Manlius,
1445 2141 1632 2179 advocata

379 2205 538 2243 domum
558 2206 680 2256 plebe,
695 2219 782 2244 cum
798 2208 1032 2257 principibus
1049 2208 1311 2245 novandarum
1327 2219 1451 2244 rerum
1467 2204 1630 2243 interdiu

375 2278 570 2322 noctuque
596 2273 755 2310 consilia
781 2274 907 2322 agitat,
926 2273 1076 2323 plenior
1100 2273 1294 2324 aliquanto
1319 2273 1538 2310 animorum
1557 2270 1629 2307 ira-
