1582 2543
321 130 631 162 PATRJOTJSM
658 131 722 162 OF
750 131 850 162 THE
881 131 1097 163 ROMANS.
1282 138 1337 179 43

83 249 310 286 responsum
330 237 489 281 daretur,
507 244 569 273 aut
583 218 860 275 'limine-curiae
877 238 1143 275 continebatur
1158 247 1313 276 senatus
1327 252 1336 285 ;
1351 253 1434 282 nc,
1454 254 1543 282 403.

81 304 150 341 sed
180 316 251 353 pro
282 316 320 340 se
351 303 511 352 quisque
543 315 590 340 ex
626 304 821 352 superiore
851 303 938 341 loco
974 304 1023 341 ad
1057 305 1338 342 multitudinem

81 369 119 405 in
140 369 295 406 comitio
323 374 486 405 stantem
506 380 598 405 voce
626 369 879 418 manibusque
907 369 1120 417 significare
1145 371 1338 419 publicam

80 435 270 479 laetitiam,
286 434 438 470 beatam
453 434 586 470 urbem
604 433 824 471 Romanam
839 441 876 471 et
895 434 1072 471 invictam
1088 442 1124 472 et
1145 442 1337 473 aeternam
1353 444 1392 473 10

80 501 141 537 illa
180 499 382 537 concordia
427 499 563 545 dicere,
596 499 950 571 landagffd.ffltes’
981 500 1136 538 laudare
1175 502 1336 550 plebem,

80 567 180 603 diem
210 566 333 615 ipsum
365 565 539 602 laudibus
571 564 677 612 ferre,
699 572 837 603 victam
866 578 949 603 esse
978 565 1083 603 fateri
1116 568 1336 604 comitatem

81 632 429 681 benignitatemque
473 638 637 669 senatus.
709 630 891 668 Certatim
941 632 1110 680 patribus
1158 632 1337 682 plebique
1351 641 1390 670 11

80 709 234 734 manare
254 696 394 746 gaudio
416 697 605 742 lacrimae,
627 696 762 741 donec,
784 697 968 734 revocatis
993 697 1031 733 in
1053 697 1195 734 curiam
1221 698 1336 747 patri-

81 763 164 808 bus,
193 770 348 800 senatus
379 762 598 800 consultum
631 762 774 799 factum
804 768 871 807 est,
900 769 942 798 ut
972 762 1112 799 tribuni
1144 763 1336 809 militares,
1352 767 1391 797 12

80 828 259 866 contione
279 828 472 874 advocata,
493 828 683 878 peditibus
706 828 971 877 equitibusque
1000 829 1139 876 gratias
1167 836 1336 877 agerent,

78 906 292 931 memorem
317 894 466 943 pietatis
493 905 627 931 eorum
653 905 744 942 erga
773 893 934 943 patriam
965 893 1132 930 dicerent
1161 902 1336 932 senatum

68 959 182 1010 ‘fore,·
216 959 366 1009 placere
396 967 535 1004 autem,
557 959 737 996 omnibus
767 958 825 996 his
855 959 1108 995 voluntariam
1135 967 1242 997 extra
1275 973 1335 998 or-

77 1026 206 1062 dinem
232 1025 413 1074 professis
440 1025 612 1062 militiam
642 1037 728 1061 aera
754 1025 963 1074 procedere
976 1038 985 1071 3
1017 1032 1052 1062 et
1075 1026 1192 1075 equiti
1213 1033 1336 1062 certus

77 1104 258 1129 numerus
290 1091 385 1128 aeris
415 1098 470 1128 est
501 1091 725 1139 assignatus.
785 1090 889 1127 Tum
923 1091 1089 1144 prirnpm
1119 1091 1227 1141 equis
1258 1092 1335 1129 suis
1351 1095 1390 1125 13

77 1169 223 1208 Qere
250 1156 396 1206 equites
427 1163 642 1206 coeperunt.
700 1155 947 1193 Voluntarius
982 1156 1118 1193 ductus
1148 1156 1334 1193 exercitus

77 1222 195 1260 Veios
226 1235 306 1260 non
340 1222 479 1259 amissa
507 1222 626 1259 modo
655 1222 814 1258 restituit
844 1233 973 1270 opera,
996 1221 1064 1259 sed
1093 1234 1192 1260 nova
1219 1222 1335 1258 etiam

76 1288 246 1325 instituit.
311 1287 374 1324 Ab
411 1287 504 1323 urbe
544 1294 783 1324 commeatus
821 1287 1021 1324 intentiore
1061 1299 1178 1336 quam
1223 1293 1335 1323 antea

76 1352 232 1390 subvehi
252 1365 353 1399 cura,
375 1365 422 1389 ne
448 1351 540 1401 quid
560 1359 637 1389 tam
663 1352 761 1389 bene
787 1352 924 1389 merito
953 1353 1133 1390 exercitui
1153 1352 1201 1389 ad
1220 1364 1333 1389 usum

75 1418 234 1456 deesset.

77 1528 93 1563 §
115 1534 140 1555 1.
164 1526 195 1556 A
212 1525 370 1565 garri-von
391 1529 427 1555 at
447 1526 576 1555 Anxur
592 1525 620 1555 z's
639 1524 816 1565 surprised.
889 1528 904 1562 ξ
922 1534 955 1564 4.
985 1525 1017 1555 T
1013 1524 1051 1555 lte
1075 1523 1257 1555 Vcienlines
1278 1533 1334 1553 are
1346 1527 1430 1555 nc.
1446 1528 1537 1555 402.

160 1577 342 1617 reinsbrccd
359 1577 398 1616 by
413 1581 516 1617 troops
527 1577 623 1617 from
649 1577 779 1617 Capena
802 1576 873 1607 and
890 1577 1029 1614 Falerii,
1047 1575 1117 1606 and
1133 1575 1184 1605 tlte·
1201 1575 1333 1606 Roman

160 1640 268 1669 army,
293 1629 440 1659 attacked
463 1639 504 1659 on
530 1629 601 1659 both
628 1629 721 1666 sides,
748 1628 865 1670 suff-rs
892 1629 995 1668 heazy
1022 1629 1082 1658 loss
1111 1626 1253 1667 through
1280 1626 1334 1656 the

150 1681 302 1723 jealousy
316 1681 356 1722 qf
363 1681 416 1711 tlte
430 1681 587 1719 tribunes,
605 1681 646 1711 L.
665 1681 842 1721 beginius
858 1681 930 1711 and
942 1681 989 1710 ill
991 1680 1011 1710 ⁷.
1028 1678 1174 1719 Sm‘gius.

127 1748 340 1798 Insequens
370 1760 495 1785 annus
527 1748 697 1785 tribunos
727 1732 890 1785 militum
920 1746 1109 1784 consulari
1142 1751 1363 1794 potestatel
1413 1748 1484 1781 Ch.
1503 1749 1538 1782 8.

73 1813 204 1851 habuit
239 1813 282 1853 C.
315 1813 515 1851 Servilium
553 1813 717 1850 Ahalam
756 1814 920 1859 tertium,
957 1811 1005 1858 Q.
1041 1811 1251 1857 Servilium,
1286 1810 1330 1848 L.

72 1878 309 1929 Verginium,
342 1879 391 1926 Q.
424 1878 644 1928 Sulpicium,
674 1879 720 1916 A.
752 1878 940 1915 Manlium
971 1878 1119 1922 iterum,
1150 1875 1218 1913 Μ’.
1245 1876 1330 1914 Ser-

73 1947 179 1997 gium
201 1947 350 1984 iterum.
407 1945 482 1984 His
501 1945 672 1990 tribunis,
692 1945 785 1983 dum
811 1957 902 1982 cura
928 1945 1103 1982 omnium
1128 1944 1166 1980 in
1187 1942 1362 1980 Veiens2

73 2013 214 2050 bellurn
248 2014 393 2050 intenta
426 2018 492 2057 est,
523 2011 741 2061 neglectum
773 2010 922 2047 Anxuri
955 2009 1187 2059 praesidium
1218 2021 1329 2046 vaca-
1358 2055 1360 2057 ‚

73 2078 240 2116 tionibus
261 2079 424 2115 militum
443 2084 480 2115 et
499 2077 668 2115 Volscos
692 2082 924 2113 mercatores
945 2075 1060 2127 vulg-o
1080 2060 1438 2124 receptandoffil'‘.⁰‘·
1455 2099 1462 2108 .-

73 2144 231 2193 proditis
273 2151 431 2193 repente
475 2150 671 2193 portarum
718 2141 941 2179 custodibus
986 2153 1216 2190 oppressum
1260 2147 1327 2178 est.

73 2208 207 2247 Minus
244 2210 406 2246 militum
443 2209 564 2258 periit,
596 2208 685 2258 quia
722 2214 874 2256 praeter
912 2219 1049 2256 aegros
1087 2206 1250 2243 lixarum
1288 2206 1359 2245 in3

73 2275 232 2313 modurn
258 2287 395 2312 omnes
419 2287 486 2324 per
512 2286 626 2324 agros
645 2273 863 2323 vicinasque
883 2273 995 2310 urbes
1022 2273 1326 2322 negotiabantur.
