1637 2554
332 133 372 165 P.
394 133 582 165 DECIUS
609 133 768 164 SAVES
800 131 900 164 THE
931 131 1087 164 ARMY.
1256 135 1334 176 217

85 239 219 288 inquit,
244 240 406 278 ‘omisso
421 240 568 276 militari
585 251 752 285 assensu,
767 239 804 276 in
825 251 886 277 me
902 238 1093 276 audiendo
1109 238 1336 276 servandum
1350 246 1432 275 ac.
1451 247 1540 275 343.

84 313 151 342 est.
210 304 286 342 Ubi
315 306 542 342 sententiam
572 317 697 342 meam
728 305 834 342 vobis
863 316 1058 354 peregero,
1079 312 1172 348 tum,
1200 304 1338 353 quibus

84 370 219 407 eadem
258 370 471 419 placebunt,
506 371 544 406 in
579 370 750 407 dextram
788 378 935 419 partem
974 370 1074 407 taciti
1107 369 1335 414 transibitis3

85 448 183 484 quae
212 448 298 485 pars
327 435 448 472 maior
476 436 554 479 erit,
587 447 634 472 eo
663 436 821 472 stabitur
851 435 1021 472 consilio.
1081 433 1207 479 Nunc,
1240 439 1369 483 quae3

85 508 212 538 mente
251 501 402 549 agitem,
442 500 580 537 audite.
649 499 739 538 Non
778 500 867 549 suga
905 500 1051 537 delatos
1098 512 1169 537 nec
1206 499 1338 536 inertia

85 566 235 603 relictos
254 565 315 603 hic
337 577 406 602 vos
425 566 671 602 circumvenit
696 565 815 602 hostis
828 578 836 610 ;
868 566 1000 602 virtute
1021 565 1172 614 cepistis
1196 564 1336 608 locum,

84 631 217 668 virtute
252 630 340 668 hinc
372 638 521 680 oportet
553 631 730 668 evadatis.
788 630 989 668 Veniendo
1023 630 1097 667 hue
1131 631 1369 667 exercitum4

84 697 283 745 egregium
320 696 463 745 populo
504 695 686 733 Romano
725 697 927 741 servastis;
976 695 1212 745 erumpendo
1249 694 1336 731 hinc

86 770 231 799 vosmet
251 763 353 810 ipsos
373 768 538 807 servate;
569 761 634 815 dig
638 762 677 798 ni
698 763 798 808 estis,
812 762 878 816 qui
897 762 1010 811 pauci
1031 761 1203 810 pluribus
1223 772 1338 809 opem

86 826 250 869 tuleritis,
271 827 342 876 ipsi
371 826 510 863 nullius
535 827 676 864 auxilio
695 827 878 876 egueritis.
937 826 1037 865 Cum
1066 838 1113 864 eo
1141 826 1249 863 hoste
1278 829 1369 862 res5

84 899 151 937 est,
172 892 236 940 qui
266 891 441 934 hesterno
469 892 528 929 die
553 892 703 929 delendi
724 893 851 930 omnis
877 893 1063 930 exercitus
1092 891 1244 929 fortuna
1272 903 1338 940 per

85 957 302 994 socordiam
330 969 422 994 usus
456 970 535 995 non
565 958 632 1004 sit;
675 957 776 995 hunc
806 966 884 994 tam
918 967 1177 1007 opportunum
1201 956 1338 994 collem

85 1023 348 1060 imminentem
377 1024 489 1072 capiti
520 1035 589 1061 suo
619 1036 699 1061 non
729 1031 816 1061 ante
843 1023 972 1060 viderit
996 1035 1112 1072 quam
1141 1030 1295 1071 captum
1316 1033 1339 1057 a

85 1089 216 1134 nobis;
256 1101 327 1126 nos
358 1096 436 1125 tarn
469 1101 614 1138 paucos
643 1097 696 1127 tot
726 1091 805 1139 ipse
838 1089 1001 1126 millibus
1034 1088 1234 1126 hominum
1266 1097 1369 1126 nec6

85 1166 248 1192 ascensu
277 1155 436 1192 arcuerit
465 1167 537 1192 nec
569 1163 738 1192 tenentes
767 1155 905 1199 locum,
937 1166 1056 1203 quum
1087 1154 1160 1191 diei
1189 1160 1337 1190 tantum

85 1227 310 1268 superesset,
332 1219 430 1257 vallo
453 1220 755 1258 circumdederit.
815 1219 941 1266 Quem
962 1219 1153 1257 videntem
1179 1231 1223 1256 ac
1244 1219 1337 1267 vigi-

86 1286 228 1322 lantem
248 1285 300 1322 sic
320 1285 510 1330 eluseritis‚
532 1286 696 1334 sopitum
718 1293 863 1334 oportet
884 1285 1027 1329 fallatis,
1041 1285 1160 1322 immo
1179 1296 1337 1321 necesse

84 1359 162 1395 est;
194 1351 232 1386 in
252 1363 298 1388 eo
317 1351 418 1387 enim
445 1351 531 1388 loco
555 1363 614 1388 res
635 1359 721 1388 sunt
742 1358 905 1396 nostrae,
924 1358 964 1387 ut
983 1350 1091 1387 vobis
1114 1362 1189 1398 ego
1215 1349 1337 1399 magis
1351 1350 1368 1382 7

86 1416 321 1453 necessitatis
336 1424 478 1454 vestrae
499 1416 610 1453 index
628 1429 744 1465 quam
766 1415 909 1453 consilii
925 1422 1057 1453 auctor
1077 1416 1158 1452 sim.
1199 1414 1336 1464 Neque
1350 1417 1369 1447 8

85 1482 199 1527 enim,
230 1482 417 1518 maneatis
445 1493 495 1518 an
525 1482 667 1518 abeatis
696 1481 797 1526 hinc,
827 1480 1025 1518 deliberari
1053 1487 1188 1529 potest,
1217 1492 1338 1529 quum

85 1553 233 1594 praeter
263 1558 369 1583 arma
399 1554 436 1584 et
469 1547 618 1583 animos
653 1558 845 1583 armorum
883 1557 1073 1582 memores
1104 1545 1198 1581 nihil
1231 1546 1339 1583 vobis

86 1612 238 1648 fortuna
266 1611 398 1660 reliqui
428 1611 568 1656 fecerit,
597 1611 772 1659 fameque
801 1617 837 1647 et
865 1611 923 1647 siti
952 1610 1194 1647 moriendum
1223 1611 1280 1657 sit,
1308 1611 1339 1648 si

84 1676 180 1725 plus,
211 1688 328 1726 quam
362 1677 461 1714 viros
492 1688 537 1714 ac
570 1676 770 1714 Romanos
801 1675 921 1721 decet,
953 1674 1094 1712 sermm
1124 1676 1335 1713 timeamus.

84 1741 191 1791 Ergo
220 1753 298 1779 una
325 1749 383 1779 est
412 1742 510 1779 salus
540 1753 738 1790 erumpere
769 1741 858 1778 hinc
886 1747 1000 1790 atque
1027 1741 1145 1778 abire.
1200 1741 1247 1778 Id
1272 1743 1368 1779 aut9

85 1807 249 1845 interdiu
277 1814 341 1844 aut
368 1814 481 1844 nocte
511 1807 697 1844 faciamus
726 1813 888 1855 oportet.
944 1806 1049 1844 Eece
1081 1814 1207 1845 autem
1235 1808 1338 1845 aliud
1352 1808 1392 1838 10

85 1872 212 1910 minus
233 1873 391 1910 dubium
403 1885 415 1919 ;
443 1873 596 1922 quippe,
617 1872 648 1909 si
677 1872 743 1908 lux
770 1879 1023 1921 exspectetur,
1043 1884 1142 1922 quae
1163 1886 1250 1922 spes
1269 1881 1337 1920 est,

85 1949 167 1974 non
194 1937 292 1975 vallo
320 1945 504 1987 perpetuo
533 1937 712 1987 fossaque
741 1950 813 1975 nos
839 1946 1060 1987 saepturum
1089 1939 1249 1984 hostem,
1273 1939 1341 1987 qui

85 2014 188 2040 nune
208 2004 433 2053 corporibus
453 2003 530 2040 suis
551 2004 730 2041 subiectis
753 2004 922 2053 undique
943 2005 1113 2050 cinxerit,
1133 2012 1174 2041 ut
1194 2004 1338 2051 videtis,

85 2068 250 2106 collem?
305 2069 423 2118 Atqui
450 2069 480 2106 si
509 2082 587 2107 nox
614 2076 835 2118 opportuna
858 2076 915 2107 est
934 2070 1133 2119 eruptioni,
1155 2071 1250 2107 sicut
1269 2078 1337 2116 est,

85 2133 180 2171 haec
201 2134 375 2183 profecto
395 2135 520 2172 noctis
541 2135 738 2183 aptissima
758 2135 854 2172 hora
873 2142 940 2172 est.
1001 2135 1121 2184 Signo
1145 2136 1336 2173 secundae
1350 2140 1391 2169 11

85 2199 232 2248 vigiliae
252 2200 495 2244 convenistis,
509 2200 615 2249 quod
635 2207 786 2249 tempus
801 2201 980 2238 mortales
994 2213 1134 2239 somno
1154 2202 1336 2240 altissimo

84 2264 223 2314 premit
237 2279 247 2313 3
276 2278 345 2316 per
373 2277 536 2315 corpora
565 2266 688 2316 sopita
716 2266 872 2313 vadetis,
899 2267 958 2304 vel
986 2267 1135 2306 silentio
1162 2267 1336 2306 incautos
