1637 2554
108 120 248 152 LAWS
276 120 340 152 OF
362 119 585 151 LICINIUS
611 120 718 151 ΛΝΒ
749 120 964 152 SEXTIUS
995 120 1226 152 CARRJED.
1267 111 1345 164 167

98 226 210 277 palati
257 226 329 272 alii,
362 225 546 275 Apuliam
583 226 750 263 maxime
799 233 982 276 petentes,
1021 238 1139 276 quum
1178 225 1268 275 suga
1306 237 1346 263 se
1360 237 1549 268 20:38⁷.

99 293 320 341 longinqua,
352 298 434 328 tum
465 291 567 341 quod
596 292 739 340 passim
769 304 836 329 eos
867 292 977 329 simul
1007 304 1126 342 pavor
1152 289 1379 341 terrorque8

98 358 330 403 distulerant,
360 358 409 394 ab
450 357 556 395 hoste
589 353 706 409 [sese]
735 358 842 394 tutati
875 365 973 394 sunt.
1031 357 1214 394 Dictatori
1253 368 1348 394 con-

98 434 211 460 sensu
254 430 403 472 patrum
450 422 646 471 plebisque
688 422 900 471 triumphus
937 422 1120 460 decretus.
1177 421 1380 458 Vixdumf)

99 486 339 536 perfunctum
373 500 460 525 eum
497 487 597 525 bello
631 488 793 525 atrocior
823 487 927 525 dorni
957 487 1090 524 seditio
1125 487 1285 536 excepit,
1313 493 1350 524 et

98 564 166 601 per
202 552 371 601 ingentia
408 553 617 590 certamina
664 553 825 590 dictator
872 559 1101 601 senatusque
1139 552 1270 598 victus,
1309 558 1350 589 ut

98 618 316 666 rogationes
339 618 561 655 tribuniciae
586 618 871 667 acciperentur3
907 624 944 655 et
967 617 1121 655 comitia
1148 616 1350 655 consulum

99 682 259 720 adversa
297 683 492 721 nobilitate
530 684 670 729 habita,
705 684 842 733 quibus
882 682 926 720 L.
963 682 1199 738 ser.-.de
1237 682 1350 734 plebe

99 747 244 798 primus
264 749 398 786 consul
419 748 548 786 factus.
605 749 655 786 Et
678 761 726 786 ne
756 749 787 786 is
807 748 962 797 quidem
992 748 1077 785 finis
1097 748 1351 785 certaminum

100 813 178 850 fuit.
235 812 337 860 Quia
367 814 511 864 patricii
545 826 585 851 se
619 821 791 852 auctores
823 813 967 850 futuros
997 814 1202 862 negabant,
1232 825 1350 862 prope
1366 824 1404 854 10

101 879 356 916 secessionem
384 879 505 929 plebis
533 891 593 916 res
622 878 882 928 terribilesque
912 877 1004 914 alias
1033 878 1156 915 minas
1185 878 1351 915 civilium

101 945 363 981 certaminum
381 945 492 990 venit,
523 956 642 994 quum
675 944 830 981 tandem
864 956 931 993 per
965 943 1187 981 dictatorem
1220 943 1349 981 condi·
1364 953 1403 983 11

101 1009 274 1046 cionibus
294 1009 447 1047 sedatae
468 1009 679 1047 discordiae
701 1016 798 1054 sunt,
820 1020 1123 1057 concessumque
1144 1009 1193 1045 ab
1214 1008 1349 1046 nobili-

101 1081 176 1112 tate
197 1075 297 1124 plebi
317 1074 364 1113 de
378 1075 534 1113 consule
556 1075 715 1125 plebeio,
731 1086 753 1111 a
772 1074 884 1124 plebe
905 1073 1092 1111 nobilitati
1113 1074 1158 1111 de
1178 1081 1401 1124 praetore
1377 1058 1449 1110 (1
1415 1050 1437 1077 3
1490 1076 1493 1077 ⁷

101 1152 192 1185 uno,
213 1141 277 1189 qui
301 1141 358 1178 ius
377 1141 416 1178 in
439 1141 532 1179 urbe
553 1141 704 1186 diceret,
725 1153 772 1178 ex
798 1140 967 1191 patribus
988 1140 1163 1179 creando.
1221 1140 1279 1177 Ita
1301 1141 1350 1178 ab
1366 1147 1404 1177 12

104 1205 249 1243 diutina
285 1205 340 1243 ira
377 1206 534 1243 tandem
580 1206 620 1243 in
658 1205 905 1243 concordiam
942 1205 1103 1243 redactis
1141 1205 1348 1251 ordinibus,

104 1282 222 1320 quum
246 1270 403 1319 dignam
429 1283 515 1308 eam
545 1283 625 1308 rem
650 1278 801 1308 senatus
828 1277 996 1308 censeret
1022 1283 1116 1316 esse,
1138 1271 1349 1319 meritoque

104 1336 152 1381 id,
181 1335 210 1373 si
239 1335 393 1384 quando
422 1348 591 1386 unquam
620 1336 720 1381 alias,
746 1336 860 1373 deum
889 1335 1159 1374 immortalium
1187 1335 1280 1381 sore,
1310 1342 1350 1372 ut

103 1401 181 1439 ludi
212 1402 368 1438 maximi
398 1401 530 1439 fierent
558 1408 595 1439 et
624 1401 703 1439 dies
732 1413 830 1438 unus
855 1401 903 1438 ad
931 1401 1096 1438 triduum
1116 1400 1349 1446 adficeretur,

104 1467 365 1504 recusantibus
394 1467 432 1504 id
465 1479 603 1504 munus
637 1466 820 1504 aedilibus
855 1466 984 1516 plebis,
1017 1465 1300 1503 conclamatum
1327 1476 1403 1506 a13

103 1531 268 1580 patriciis
297 1539 352 1569 est
381 1532 586 1578 iuvenibus,
617 1544 657 1569 se
685 1532 723 1569 id
751 1531 908 1569 honoris
937 1530 1051 1568 deum
1078 1530 1350 1568 immortalium

104 1608 219 1633 causa
246 1597 406 1634 libenter
432 1596 608 1643 facturos,
628 1604 669 1634 ut
693 1596 832 1634 aediles
859 1596 1001 1634 fierent.
1059 1594 1209 1641 Quibus
1229 1607 1349 1645 quum
1363 1604 1403 1635 14

104 1662 153 1698 ab
190 1662 371 1700 universis
408 1663 550 1712 gratiae
588 1669 695 1700 actae
728 1668 865 1706 essent,
897 1660 1039 1699 factum
1073 1668 1224 1698 senatus
1258 1673 1349 1698 con·
1387 1669 1545 1716 (anf.
1571 1682 1579 1693 .

104 1726 253 1773 sultum,
274 1734 315 1765 ut
335 1726 411 1765 duo
431 1727 530 1765 viros
554 1727 693 1765 aediles
713 1739 758 1764 ex
785 1726 955 1776 patribus
981 1726 1140 1763 dictator
1165 1725 1350 1775 populum
1374 1710 1530 1759 atam

104 1799 266 1842 rogaret,
287 1799 413 1843 patres
434 1799 608 1831 auctores
625 1791 803 1830 omnibus
821 1791 901 1829 eius
921 1791 1011 1829 anni
1024 1791 1187 1829 comitiis
1206 1790 1349 1829 fierent.

1535 1056 1561 1064 ο
