1637 2554
304 138 534 171 MANLIUS
559 139 766 172 JNCJTES
795 139 897 171 THE
924 140 1090 172 PLEBS.
1249 145 1324 187 131

76 256 248 294 rumque,
273 257 389 295 quam
417 252 528 283 antea
548 244 677 283 suerat.
735 245 836 283 Iram
865 245 1090 284 accenderat
1116 246 1328 295 ignominia
1342 257 1425 285 nc.
1443 258 1532 286 384.

75 322 210 348 recens
230 312 267 348 in
287 312 417 349 animo
432 311 480 349 ad
501 312 771 350 contumeliam
788 313 1009 362 inexpert03
1035 313 1185 363 spiritus
1201 313 1327 357 dabat,
1340 305 1358 335 4

76 375 181 424 quod
212 388 283 414 nec
315 388 428 414 ausus
457 384 554 413 esset
585 376 687 414 idem
721 378 759 414 in
791 389 831 415 se
863 378 1034 424 dictator,
1057 377 1160 427 quod
1192 377 1230 413 in
1262 375 1326 426 Sp.

78 439 221 480 Maelio
247 442 495 479 Cincinnatus
524 441 728 488 Quinctius
758 443 917 489 fecisset,
937 450 974 481 et
996 444 1206 481 vinclorum
1237 455 1328 480 suo-

75 518 158 543 rum
192 507 371 545 invidiam
404 519 484 545 non
515 507 675 545 dictator
706 507 824 546 modo
855 508 1072 547 abdicando
1102 509 1326 546 dictaturam

76 571 241 620 fugisset,
263 573 329 610 sed
353 585 400 610 ne
428 580 579 611 senatus
610 573 763 623 quidem
793 575 976 612 sustinere
1002 575 1195 625 potuisset.
1253 573 1357 611 His5

75 637 184 674 simul
214 638 363 675 inflatus
391 639 717 688 exacerbatusque
749 639 825 676 iam
855 653 923 689 per
951 652 990 678 se
1019 652 1204 678 accensos
1232 640 1326 678 inci-

74 703 178 739 tabat
197 703 316 752 plebis
337 704 496 741 animos.
555 708 563 724 ⁶
578 703 791 753 Quousque
811 704 966 742 tandem
987 705 1211 754 ignorabitis
1231 705 1326 743 vires

74 776 223 813 vestras,
253 781 348 818 quas
376 775 511 806 natura
545 782 593 806 ne
627 769 758 806 beluas
790 770 946 819 quidem
979 770 1154 819 ignorare
1182 769 1324 808 voluit?

76 832 282 871 Numerate
303 833 448 880 saltem,
466 842 558 884 quot
579 835 649 884 ipsi
670 835 758 881 sitis,
775 842 870 885 quot
890 835 1122 873 adversarios
1142 835 1324 873 habeatis.

76 898 114 936 Si
146 899 281 947 singuli
313 900 485 948 singulos
515 900 728 949 aggressuri
758 901 899 945 essetis,
927 907 1055 938 tamen
1089 901 1212 938 acrius
1244 909 1356 939 cre-6

74 962 204 1000 derem
225 976 292 1001 vos
319 977 388 1014 pro
415 965 583 1002 libertate
612 977 729 1014 quam
755 965 840 1003 illos
864 977 933 1015 pro
962 966 1223 1004 dominatione
1244 978 1326 1003 cer-

73 1035 238 1074 taturos;
273 1020 429 1078 quoteni
460 1030 616 1068 clientes
647 1031 748 1068 circa
777 1030 947 1080 singulos
982 1030 1102 1068 fuistis
1130 1038 1323 1080 patronos,

72 1101 126 1131 tot
152 1106 254 1133 nunc
281 1095 460 1133 adversus
488 1107 607 1132 unum
634 1095 785 1133 hostem
811 1096 921 1133 eritis.
980 1094 1179 1133 Ostendite
1205 1096 1353 1134 modor

71 1160 210 1197 bellum
225 1173 234 1207 ;
267 1173 401 1210 pacem
428 1161 626 1199 habebitis.
683 1161 850 1199 Videant
877 1173 945 1199 vos
971 1168 1123 1211 paratos
1150 1162 1198 1199 ad
1218 1162 1294 1198 vim
1308 1175 1320 1209 ,-

72 1226 129 1262 ius
160 1226 229 1275 ipsi
260 1227 462 1264 remittent.
518 1226 750 1264 Audendum
780 1235 834 1265 est
867 1227 1010 1276 aliquid
1038 1227 1230 1272 universis,
1259 1234 1322 1264 aut

71 1291 202 1328 omnia
222 1292 378 1341 singulis
399 1292 586 1341 patienda.
638 1291 824 1341 Quosque
844 1305 907 1329 me
928 1292 1294 1342 circumspectabitis
1307 1293 1320 1328 ?
1335 1295 1353 1324 8

69 1355 156 1405 Ego
180 1357 335 1406 quidem
359 1357 451 1394 nulli
480 1364 643 1395 vestrum
672 1357 811 1404 deero;
845 1370 894 1395 ne
918 1357 1069 1395 fortuna
1096 1369 1184 1394 mea
1213 1357 1319 1403 desit,

68 1421 202 1459 videte.
259 1422 345 1471 Ipse
365 1422 502 1460 vindex
529 1430 660 1468 vester,
681 1423 745 1460 ubi
766 1423 888 1460 visum
915 1423 1080 1460 inimicis
1107 1429 1174 1468 est,
1194 1422 1320 1460 nullus

67 1492 221 1536 repente
244 1487 306 1533 sui,
327 1494 363 1525 et
391 1488 533 1525 vidistis
561 1488 599 1524 in
624 1487 746 1525 vincla
777 1488 865 1525 duci
892 1488 1053 1525 universi
1083 1500 1181 1533 eum,
1203 1488 1266 1538 qui
1296 1501 1319 1525 a

69 1551 227 1601 singulis
257 1553 364 1590 vobis
393 1553 517 1590 vincla
553 1552 785 1602 depuleram.
844 1553 948 1600 Quid
981 1565 1140 1602 sperem,
1172 1553 1202 1590 si
1232 1553 1349 1602 plus9

67 1617 106 1653 in
143 1629 206 1654 me
244 1617 408 1656 audeant
445 1618 614 1656 inimici?
669 1618 734 1656 An
772 1619 915 1656 exitum
955 1617 1076 1655 Cassii
1112 1617 1318 1667 Maeliique

67 1684 310 1731 exspectem?
365 1682 471 1720 Bene
500 1683 632 1729 facitis,
662 1684 767 1733 quod
804 1683 1090 1721 abominamini.
1145 1682 1196 1720 Di
1229 1696 1317 1733 pro-

64 1747 248 1785 hibebunt
278 1747 397 1794 haec;
436 1748 502 1786 sed
531 1761 730 1798 nunquam
758 1756 914 1799 propter
945 1761 1008 1786 me
1038 1748 1086 1785 de
1116 1748 1223 1786 caelo
1253 1748 1316 1785 de-

65 1812 272 1859 scendent3
320 1814 428 1851 vobis
466 1813 557 1852 dent
595 1821 764 1852 mentem
803 1820 963 1864 oportet,
995 1819 1036 1849 ut
1072 1813 1316 1862 prohibeatis,

63 1877 161 1914 sicut
186 1878 278 1915 mihi
308 1878 494 1917 dederunt
523 1886 671 1917 armato
699 1886 920 1928 togatoque,
942 1886 981 1916 ut
1006 1890 1074 1915 vos
1098 1890 1121 1915 a
1147 1878 1316 1916 barbaris

62 1940 246 1989 hostibus,
277 1956 300 1981 a
337 1945 508 1994 superbis
541 1944 786 1982 defenderem
825 1945 982 1981 civibus.
1041 1942 1143 1980 Tam
1179 1955 1316 1992 parvus
1329 1948 1370 1978 10

61 2007 211 2045 animus
230 2009 324 2046 tanti
343 2010 475 2059 populi
494 2016 560 2055 est,
575 2016 616 2047 ut
639 2022 789 2059 semper
808 2010 916 2046 vobis
936 2008 1117 2046 auxilium
1137 2009 1317 2047 adversus

60 2071 235 2111 inimicos
258 2075 347 2112 satis
367 2075 422 2120 sit,
443 2087 514 2112 nec
540 2075 672 2118 ullum,
693 2075 766 2112 nisi
792 2082 980 2124 quatenus
1006 2074 1185 2123 imperari
1207 2075 1317 2112 vobis

60 2137 200 2183 sinatis,
215 2145 407 2177 certamen
427 2139 607 2177 adversus
626 2146 754 2189 patres
773 2139 933 2177 noritis?
979 2138 1018 2176 N
1021 2151 1065 2176 ec
1084 2138 1160 2176 hoc
1180 2146 1316 2177 natura

59 2202 213 2240 insitum
243 2204 352 2242 vobis
381 2211 449 2250 est,
479 2204 546 2242 sed
583 2217 655 2242 usu
686 2203 946 2254 possidemini.
1003 2203 1083 2241 Cur
1113 2204 1216 2242 enim
1247 2205 1315 2242 ad·
1329 2210 1367 2238 11

58 2278 190 2307 versus
227 2276 406 2307 externos
442 2276 592 2307 tantum
629 2270 846 2317 animorum
881 2269 1019 2318 gentis,
1047 2276 1092 2306 ut
1125 2270 1315 2320 imperare

649 2353 707 2379 12
