1637 2554
457 133 623 166 PEACE
653 134 719 166 IN
742 134 981 168 ETRURJA.
1272 141 1349 184 197

94 247 162 285 per
188 235 423 282 dictatorem,
444 244 485 274 ut
511 239 628 276 ambo
654 238 797 288 patricii
818 239 997 278 consules
1017 247 1248 286 crearentur,
1269 253 1348 278 rem
1363 249 1445 277 Ec.
1463 250 1552 276 352.

94 300 142 338 ad
162 301 422 350 interregnum
442 303 630 350 perduxit.
687 303 778 341 Duo
799 305 1018 354 interreges,
1040 304 1081 343 C.
1102 304 1293 354 Sulpicius
1313 313 1349 342 et
1363 315 1381 344 2

93 364 149 403 M.
185 366 335 412 Fabius,
373 367 585 417 interpositi
623 369 834 415 obtinuere,
869 370 975 419 quod
1013 370 1174 408 dictator
1214 370 1350 408 frustra

93 431 313 476 tetenderat,
345 432 494 470 mitiore
528 433 605 470 iam
636 434 747 483 plebe
776 435 828 472 ob
859 447 993 472 recens
1027 436 1204 472 meritum
1239 436 1349 473 levati

92 497 189 534 aeris
209 497 332 543 alieni,
354 505 395 534 ut
421 499 538 536 ambo
567 499 715 548 patricii
742 500 920 537 consules
939 508 1164 539 crearentur.
1222 501 1380 542 Creatiss

91 562 174 610 ipse
195 562 240 600 C.
262 562 453 612 Sulpicius
474 563 636 610 Peticus,
657 565 721 613 qui
748 565 851 614 prior
877 566 1095 614 interregno
1119 567 1221 612 abiit,
1242 574 1278 604 et
1300 567 1347 603 T.
1361 574 1444 602 nc.
1463 575 1553 601 351.

91 627 298 674 Quinctius
318 628 474 666 Pennus
487 641 496 673 ς
525 630 683 678 quidam
705 630 933 675 Caesonem,
956 631 1016 668 alii
1039 630 1180 668 Gaium
1206 645 1348 669 nomen

91 692 276 739 Quinctio
305 693 497 731 adiiciunt.
554 694 617 731 Ad
646 695 790 732 bellum
819 697 936 733 ambo
961 696 1132 745 profecti,
1157 696 1380 734 Faliscum4

91 758 306 804 Quinctius,
321 759 512 809 Sulpicius
526 759 818 810 Tarquiniense,
831 773 1026 811 nusquam
1041 762 1123 799 acie
1139 774 1349 812 congresso

90 825 211 871 hoste,
245 837 335 863 cum
367 826 467 875 agris
498 827 621 875 maois
660 839 777 876 quarn
811 839 902 864 cum
941 827 1160 868 hominibus
1198 829 1349 891 urendo

1123 872 1233 890 ›uae--
1368 880 1374 888 r
1398 869 1542 893 aum

90 891 391 940 populandoque
425 898 624 940 gesserunt
658 892 780 938 bella3
823 889 937 929 cuius
940 880 1094 930 lentae
1117 893 1216 930 velut
1232 894 1377 934 tab1s
1348 911 1427 955 ta
1548 927 1554 943 ,

1464 938 1617 968 ‘Os-0¹11*k

90 957 197 994 senio
223 957 322 994 victa
350 957 544 1007 utriusque
576 958 784 1007 pertinacia
812 958 946 1007 populi
973 966 1041 1004 est,
1063 965 1104 995 ut
1132 940 1303 1008 primum
1325 973 1348 997 a

89 1023 324 1070 consulibus,
364 1023 452 1060 dein
500 1024 692 1073 permissu
731 1036 865 1061 eorum
904 1025 953 1061 ab
1001 1032 1135 1061 senatu
1182 1025 1347 1062 indutias

88 1096 270 1138 peterent.
340 1089 386 1126 In
438 1089 694 1138 quadraginta
742 1102 866 1127 annos
913 1090 1222 1139 impetraverunt.
1288 1091 1378 1128 Ita6

89 1155 215 1204 posita
245 1154 411 1192 duorum
447 1154 647 1199 bellorum,
681 1166 782 1203 quae
815 1155 1079 1200 imminebant,
1114 1168 1216 1201 cura,
1252 1155 1345 1193 dum

89 1220 216 1270 aliqua
257 1222 306 1258 ab
345 1221 460 1257 armis
499 1221 607 1270 quies
645 1228 756 1265 esset,
792 1221 883 1270 quia
921 1220 1059 1258 solutio
1098 1221 1194 1258 aeris
1233 1221 1344 1258 alieni

87 1286 294 1323 multarum
314 1298 441 1323 rerum
468 1293 677 1323 mutaverat
699 1285 890 1330 dominos,
913 1298 1071 1323 censum
1100 1286 1163 1335 agi
1192 1286 1344 1335 placuit.

89 1351 267 1389 Ceterum
288 1364 409 1400 quum
429 1352 652 1389 censoribus
673 1351 847 1388 creandis
867 1351 1010 1388 indicta
1030 1352 1185 1389 comitia
1205 1359 1341 1397 essent,
1357 1359 1375 1391 7

86 1417 284 1466 professus
316 1429 518 1454 censuram
557 1429 597 1454 se
634 1423 761 1466 petere
794 1415 838 1453 C.
874 1415 1047 1453 Marcius
1082 1416 1243 1461 Rutilus,
1279 1417 1344 1465 qui

87 1482 233 1531 primus
272 1482 434 1519 dictator
469 1482 515 1519 de
554 1482 665 1531 plebe
704 1481 837 1527 fuerat,
874 1481 1124 1518 concordiam
1162 1481 1344 1519 ordinum

86 1547 272 1594 turbavit3
303 1547 408 1596 quod
435 1547 632 1584 videbatur
657 1547 813 1595 quidem
840 1552 1010 1595 tempore
1039 1547 1166 1583 alieno
1196 1546 1340 1592 fecisse,
1356 1554 1374 1583 8

87 1612 176 1662 quia
196 1613 311 1649 ambo
331 1619 412 1649 tum
438 1611 533 1650 forte
559 1612 704 1661 patricii
725 1612 902 1649 consules
923 1618 1041 1657 erant,
1062 1612 1127 1660 qui
1154 1612 1343 1649 rationem

86 1678 166 1715 eius
201 1690 240 1715 se
272 1677 469 1716 habituros
503 1679 718 1727 negabant;
762 1677 830 1715 sed
861 1684 898 1714 et
928 1677 1010 1726 ipse
1041 1677 1254 1714 constantia
1283 1677 1373 1717 in-f)

86 1750 241 1792 ceptum
281 1744 445 1782 obtinuit
486 1751 523 1781 et
562 1744 702 1781 tribuni
744 1743 851 1781 omni
890 1743 937 1789 vi,
977 1744 1235 1792 recuperaturi
1283 1743 1342 1780 ius

86 1809 349 1847 consularibus
369 1810 533 1847 comitiis
553 1810 747 1854 amissum,
770 1809 1004 1854 adiuverunt,
1027 1815 1064 1845 et
1084 1820 1206 1856 quum
1225 1809 1342 1858 ipsius

85 1875 152 1911 viri
172 1875 351 1913 maiestas
370 1875 510 1912 nullius
535 1875 694 1912 honoris
723 1875 914 1924 fastigium
941 1886 1021 1911 non
1041 1874 1239 1922 aequabat,
1261 1881 1342 1911 tum

86 1952 154 1989 per
173 1940 353 1986 eundem,
374 1941 438 1990 qui
459 1940 508 1978 ad
528 1940 754 1978 dictaturam
774 1940 983 1988 aperuisset
1002 1940 1114 1985 viam,
1138 1951 1341 1977 censuram

86 2018 241 2055 quoque
267 2006 308 2043 in
336 2013 485 2055 partem
512 2006 640 2043 vocari
669 2005 799 2054 plebes
824 2005 984 2043 v.olebat
1042 2004 1126 2042 Nec
1155 2005 1340 2042 variatum
1356 2012 1420 2042 10·-
1421 1994 1540 2046 seu-g

86 2071 250 2108 comitiis
262 2078 330 2116 est,
344 2071 437 2120 quin
450 2083 539 2108 cum
554 2070 734 2110 †Manlio
749 2069 888 2108 Gnaeo
901 2079 1066 2108 censori
1053 2069 1222 2108 Marcius
1237 2083 1340 2108 crea-

85 2142 196 2173 retur.
255 2135 491 2173 Dictatorem
515 2147 668 2185 quoque
694 2135 754 2173 hic
779 2148 905 2173 annus
935 2135 1067 2172 habuit
1089 2135 1144 2172 M.
1166 2135 1338 2181 Fabium,

85 2201 192 2238 nullo
211 2207 352 2238 terrore
372 2200 470 2247 belli,
491 2201 560 2238 sed
580 2213 628 2238 ne
649 2200 797 2238 Licinia
817 2201 878 2238 lex
899 2201 1061 2239 comitiis
1077 2201 1340 2238 consularibus

86 2267 361 2304 observaretur.
419 2264 605 2315 Magister
624 2266 795 2315 equitum
816 2265 990 2303 dictatori
1012 2265 1163 2303 additus
1185 2266 1233 2313 Q.
1256 2266 1339 2304 Ser·
1355 2274 1394 2301 11
