1637 2554
423 122 458 152 C.
485 121 740 153 SULPICIUS
765 121 1032 154 DICTATOR.
1271 114 1349 165 185

92 227 209 273 aiunt,
231 226 410 264 manibus
439 226 596 264 sedeas?
653 226 861 276 Utcunque
881 228 983 265 enim
1015 239 1054 264 se
1082 226 1196 264 habet
1221 239 1289 268 res.
1314 234 1350 263 te
1365 238 1446 265 ac.
1467 239 1556 266 358.

92 293 138 330 de
169 298 302 330 nostra
320 293 453 330 xdrtute
483 292 676 330 dubitasse
697 293 815 331 videri
845 305 962 343 quam
983 305 1056 330 nos
1077 292 1122 330 de
1143 299 1207 329 tua
1227 293 1349 329 verius

91 365 156 396 est.
214 357 282 395 Sin
310 365 438 396 autem
468 369 549 395 non
580 364 689 395 tuum
718 359 825 405 istuc,
848 358 915 396 sed
945 358 1140 407 publicum
1169 364 1225 395 est
1255 367 1381 396 con-8

91 423 226 469 silium,
249 429 286 460 et
306 435 517 461 consensus
536 423 662 473 -aliqui
694 431 857 473 patrum,
881 436 961 461 non
983 423 1176 462 Gallicum
1206 423 1349 460 bellum

90 500 161 526 nos
181 489 230 525 ab
246 489 350 534 urbe,
369 500 392 525 a
410 489 613 538 penatibus
630 490 769 527 nostris
786 490 983 539 ablegatos
1004 496 1118 535 tenet,
1137 501 1293 539 quaeso,
1310 496 1350 524 ut

89 565 145 599 ea,
169 565 267 602 quae
288 552 425 599 dicam,
448 565 528 590 non
549 565 571 590 a
590 554 770 592 militibus
800 555 1021 605 imperatori
1051 554 1153 592 dicta
1177 564 1348 598 censeas,

90 618 157 656 sed
187 630 210 655 a
237 618 350 668 plebe
379 619 551 669 patribus
571 618 687 669 (quae
708 621 750 665 si,
771 628 812 658 ut
830 634 898 660 vos
918 628 1041 659 vestra
1062 620 1234 658 habeatis
1258 631 1350 657 con-

90 683 183 730 silia,
204 685 259 722 sic
280 696 319 721 se
341 697 410 722 sua
429 684 644 723 habituram
664 686 775 733 dicat,
799 687 884 737 quis
903 686 1060 724 tandem
1081 692 1304 724 succenseat
1318 684 1349 734 ?)

90 749 227 788 milites
258 762 330 788 nos
358 762 452 797 esse,
484 763 565 788 non
594 763 724 789 servos
753 760 912 798 vestros,
945 752 995 790 ad
1023 751 1177 797 bellum,
1207 763 1286 789 non
1310 751 1381 791 in9

90 816 266 853 exsilium
293 815 452 862 missos;
484 816 514 853 si
534 816 618 865 quis
643 816 706 854 det
727 817 893 866 signum,
915 817 955 854 in
984 817 1107 854 aciem
1136 816 1286 862 educat,
1309 822 1351 852 ut

89 881 176 919 viris
205 893 250 919 ac
271 881 460 919 Romanis
489 881 649 931 dignum
679 883 737 929 sit,
760 890 1026 932 pugnatur033
1057 883 1088 920 si
1113 881 1205 919 nihil
1234 882 1350 919 armis

89 960 186 996 opus
220 948 276 994 sit,
308 948 428 985 otium
460 947 612 986 Romae
645 949 772 998 potius
799 961 917 998 quam
946 949 986 986 in
1015 948 1148 986 castris
1183 954 1347 985 acturos.

90 1013 201 1051 Haec
217 1013 319 1050 dicta
334 1013 408 1050 sint
424 1014 596 1062 patribus
607 1026 617 1060 3
647 1021 695 1061 te,
712 1014 931 1064 imperator,
949 1015 1086 1052 milites
1105 1015 1159 1052 tui
1179 1025 1345 1052 oramus,
1365 1025 1404 1054 10

88 1086 128 1116 ut
148 1079 261 1116 nobis
282 1080 479 1128 pugnandi
500 1080 654 1129 copiam
677 1079 818 1127 facia33
847 1092 967 1130 quum
987 1081 1136 1118 vincere
1157 1080 1343 1129 cupimus,

88 1153 170 1182 tum
189 1151 225 1181 te
245 1144 342 1182 duce
362 1145 524 1191 vincere,
547 1146 615 1183 tibi
635 1145 806 1183 lauream
825 1146 1018 1195 insignem
1039 1145 1195 1191 deferre,
1219 1152 1347 1182 tecum

87 1209 365 1260 triumphantes
393 1211 528 1247 urbem
557 1211 663 1257 inire,
694 1218 804 1248 tuum
833 1219 1034 1261 sequentes
1063 1223 1216 1248 currum
1246 1210 1348 1247 Iovis

88 1276 221 1325 optimi
241 1277 400 1313 maximi
415 1276 601 1326 templum
621 1284 816 1326 gratantes
832 1284 1069 1326 ovantesque
1084 1276 1211 1313 adire.'
1247 1275 1345 1313 Ora-
1363 1287 1401 1316 11

87 1342 231 1379 tionem
251 1342 370 1379 Tullii
395 1349 630 1392 exceperunt
658 1349 793 1392 preces
821 1343 1084 1388 multitudinis,
1106 1349 1143 1379 et
1162 1341 1343 1390 undique,

88 1414 128 1444 ut
147 1408 302 1457 signum
321 1408 437 1455 daret,
459 1415 499 1445 ut
520 1420 657 1458 capere
678 1420 785 1445 arma
806 1408 963 1455 iuberet,
987 1407 1218 1445 clamabant.

90 1503 105 1538 ξ
127 1509 154 1530 1.
184 1501 218 1532 T
212 1501 250 1531 lle
273 1501 429 1531 Dictator
450 1499 612 1542 (finding
630 1501 704 1531 tlzat
732 1501 866 1532 Tullius
888 1505 1048 1542 expresses
1070 1500 1122 1531 the
1137 1510 1225 1531 sense
1240 1499 1281 1541 of
1296 1500 1348 1530 the
1364 1498 1434 1531 Ch.
1452 1498 1514 1533 14.

173 1552 287 1593 army)
305 1556 448 1583 consents
461 1557 492 1583 to
502 1552 578 1593 give
593 1552 698 1583 battle.
769 1555 785 1590 ξ
800 1551 830 1583 6.
851 1553 905 1584 He
921 1557 1052 1583 mounts
1070 1560 1153 1583 1000
1162 1561 1294 1592 grooms
1305 1561 1346 1582 on

176 1604 290 1643 mules,
305 1604 471 1645 antiposts
485 1605 572 1635 them
587 1615 628 1635 on
645 1604 698 1635 tlte
713 1604 803 1636 lzz'lls.

141 1667 316 1706 Dictator
335 1681 558 1718 quanquam
574 1681 656 1706 rem
675 1669 819 1706 bonam
840 1668 1019 1717 exemplo
1034 1667 1137 1705 haud
1156 1667 1343 1717 probabili
1359 1673 1376 1702 1

88 1740 213 1771 actam
246 1734 438 1781 censebat,
472 1741 602 1772 tamen
640 1734 838 1781 facturum,
875 1734 981 1784 quod
1019 1733 1156 1771 milites
1193 1733 1342 1779 vellent,

87 1811 128 1836 se
157 1799 308 1848 recepit,
331 1799 580 1849 Tulliumque
609 1806 766 1845 secreto,
790 1811 981 1849 quaenam
1010 1799 1106 1836 haec
1130 1811 1189 1837 res
1214 1799 1259 1836 sit
1279 1806 1344 1836 aut

87 1876 164 1913 quo
184 1871 268 1902 acta
286 1877 404 1911 more,
422 1872 677 1914 percontatur.
717 1865 868 1902 Tullius
887 1877 1032 1914 magno
1052 1877 1167 1914 opere
1183 1877 1206 1902 a
1226 1864 1344 1902 dicta·
1357 1867 1376 1896 2
1390 1912 1398 1918 ι

86 1938 169 1967 tore
188 1937 328 1980 petere,
350 1943 398 1968 ne
414 1943 454 1968 se
474 1930 635 1968 oblitum
655 1930 877 1980 disciplinae
897 1931 1078 1976 militaris,
1102 1943 1150 1968 ne
1169 1930 1227 1977 Q
1248 1942 1344 1967 neve
1357 1924 1521 1995 {4⁴22

87 1995 351 2044 imperatoriae
388 1996 595 2033 maiestatis
623 1995 791 2033 crederet
803 2008 813 2042 ;
854 1995 1086 2033 multitudini
1118 1996 1341 2041 concitatae,

88 2073 187 2110 quae
221 2060 338 2099 ferme
371 2061 591 2098 auctoribus
623 2061 755 2098 similis
788 2067 897 2107 esset,
926 2073 1008 2098 non
1041 2061 1272 2098 subtraxisse
1302 2073 1343 2098 se

88 2126 237 2172 ducem,
255 2139 303 2164 ne
317 2126 403 2176 quis
422 2126 528 2173 alius,
546 2126 676 2175 quales
696 2133 802 2163 mota
822 2138 949 2163 creare
969 2126 1172 2164 multitudo
1192 2127 1340 2172 soleret,

87 2190 306 2237 exsisteret;
333 2203 426 2228 nam
446 2203 485 2228 se
505 2191 662 2241 quidem
691 2191 784 2228 nihil
811 2203 891 2228 non
921 2192 1075 2229 arbitrio
1104 2193 1342 2242 imperatoris

89 2263 271 2293 acturum.
313 2256 374 2293 Illi
393 2268 548 2306 quoque
567 2263 697 2294 tamen
717 2256 924 2294 videndum
943 2269 1088 2307 magno
1107 2270 1223 2307 opere
1243 2271 1338 2304 esse,
1354 2271 1372 2300 3
