1670 2532
283 80 302 110 1
316 80 366 119 14
663 77 793 120 LJVJ',
823 77 962 110 BOOK
985 78 1043 111 ιγ.
1067 78 1106 122 5,
1129 69 1167 110 6.

78 188 161 217 ac.
178 187 268 218 387.
282 195 328 220 ex
350 183 458 220 novis
479 183 621 220 civibus
642 183 803 228 additae,
827 182 1032 228 Stellatina,
1049 183 1315 229 Tromentina,
1339 183 1531 229 Sabatina,

281 248 501 294 Arniensis;
532 260 677 298 eaeque
697 249 828 298 viginti
855 249 1023 298 quinque
1050 249 1216 286 tribuum
1239 261 1443 287 numerum
1468 261 1532 286 ex-

279 313 438 363 plevere.

141 448 213 482 Ch.
232 445 299 481 6,§
329 451 355 474 1.
387 443 424 474 L.
459 443 608 474 Sicinius
633 443 734 483 again
766 443 878 483 brings
906 453 947 474 on
973 444 1025 474 thc
1051 443 1197 485 question
1224 443 1264 484 qf
1281 443 1334 474 the
1365 443 1536 484 Pomptine

367 495 457 526 land.
533 498 548 532 ξ
571 504 599 534 3.
627 495 776 526 Etruria
799 496 886 526 takes
909 500 953 535 up
975 506 1074 532 arms,
1101 495 1172 526 and
1193 505 1267 526 τειαν
1293 495 1321 526 is
1346 494 1538 526 announccd

357 547 452 588 from
478 547 632 584 Antium,
656 547 831 587 supported
851 548 889 587 hy
907 548 959 578 tlte
982 547 1111 578 Latius.
1161 547 1333 583 Camillus,
1353 557 1411 577 one
1432 546 1473 587 of
1484 546 1537 576 tlte

369 598 528 638 Military
550 598 711 628 Tm'buncs
725 598 823 639 oftlzc
831 609 925 638 year,
944 598 1030 629 takes
1046 600 1098 630 llic
1114 599 1187 630 lead
1199 599 1237 638 hy
1249 598 1386 638 general
1398 602 1535 634 consent,

369 649 440 679 mul
462 649 587 680 divides
612 649 664 680 llic
685 650 793 690 forces
817 651 857 692 os
871 651 923 681 tlzc
953 655 1032 682 state
1060 651 1128 681 iulo
1155 651 1243 682 three
1266 655 1373 691 parts.
1445 653 1460 687 ξ
1488 658 1536 680 12.

374 702 536 732 Camillus
554 702 625 731 and
644 702 656 732 l
665 702 796 732 'alerius
814 713 871 733 arc
890 707 920 733 lo
936 713 977 743 go
992 703 1124 742 against
1139 703 1294 740 Antium,
1317 703 1355 741 Q.
1372 701 1537 733 Servilius

372 753 474 783 walch
492 753 641 784 Etruria
657 753 729 783 and
740 753 792 784 tlte·
808 754 938 790 Latius,
957 755 996 785 L.
1018 754 1196 793 Quinctius
1206 755 1334 795 guar-ds
1350 754 1460 786 Rome.

254 840 269 868 1
339 830 398 869 De
421 843 514 880 agro
538 830 744 880 Pomptino
771 832 820 869 ab
848 831 891 869 L.
921 832 1064 870 Sicinio
1091 833 1242 870 tribuno
1266 833 1387 882 plebis
1411 839 1538 870 actum

286 897 333 935 ad
354 897 649 948 frequentiorem
669 898 746 934 iam
766 898 948 948 populum
973 899 1289 948 mobilioremque
1319 899 1367 936 ad
1392 898 1537 948 cupidi-

253 972 271 1002 2
288 971 402 1000 tatem
423 963 513 1011 agri,
536 975 651 1012 quam
672 962 801 1000 fuerat.
857 963 907 1001 Et
930 963 976 1001 de
1000 964 1138 1002 Latino
1166 964 1414 1014 Hernicoque
1439 964 1544 1002 bello

0 1043 82 1071 ,Νι
167 1039 250 1066 c
287 1028 430 1066 mentio
450 1027 549 1065 facta
569 1028 607 1064 in
628 1035 761 1066 senatu
781 1029 935 1067 maioris
959 1029 1045 1066 belli
1071 1042 1172 1077 cura,
1195 1029 1299 1080 quod
1325 1030 1474 1067 Etruria
1500 1029 1539 1066 in

255 1101 272 1131 3
288 1093 402 1130 armis
418 1100 508 1138 erat,
525 1093 639 1130 dilata
654 1100 721 1131 est.
780 1093 859 1132 Res
874 1094 923 1131 ad
939 1094 1145 1132 Camillum
1166 1096 1359 1133 tribunum
1378 1095 1540 1132 militum

84 1159 480 1200 amase-consulari
513 1166 697 1208 potestate
730 1159 858 1205 rediit;
901 1160 1068 1209 collegae
1101 1160 1217 1198 additi
1249 1161 1429 1210 quinque,
1461 1159 1540 1197 Ser.

290 1223 492 1261 Cornelius
520 1223 809 1273 Maluginensis,
840 1225 889 1271 Q.
917 1224 1092 1263 Servilius
1120 1225 1285 1263 Fidenas
1313 1233 1475 1271 sextum,
1497 1223 1541 1262 L.

290 1287 495 1335 Quinctius
522 1289 784 1336 Cincinnatus,
806 1289 849 1326 L.
872 1289 1057 1328 Horatius
1079 1290 1271 1337 Pulvillus,
1293 1290 1332 1328 P.
1352 1290 1540 1329 Valerius.

260 1353 482 1403 4Principio
521 1355 612 1391 anni
651 1367 804 1392 aversae
846 1368 960 1393 curae
1002 1355 1203 1393 hominum
1247 1363 1336 1394 sunt
1378 1369 1401 1394 a
1443 1357 1543 1394 bello

290 1420 464 1466 Etrusco,
492 1421 596 1470 quod
627 1420 852 1471 fugientium
881 1434 927 1459 ex
958 1434 1051 1471 agro
1082 1421 1288 1471 Pomptino
1317 1435 1457 1471 agmen
1486 1434 1544 1460 re-

291 1493 404 1535 pente
438 1486 582 1523 illatum
615 1487 654 1523 in
687 1487 822 1524 urbem
860 1487 992 1532 attulit,
1024 1487 1198 1524 Antiates
1231 1488 1270 1524 in
1309 1488 1425 1525 armis
1463 1500 1545 1525 esse

292 1550 592 1601 Latinorumque
626 1551 787 1601 populos
820 1552 1055 1589 iuventutem
1090 1563 1199 1588 suam
1236 1552 1384 1590 misisse
1422 1552 1470 1590 ad
1509 1552 1548 1590 id

261 1616 446 1663 5bellum‚
482 1629 529 1654 eo
563 1617 776 1654 abnuentes
813 1616 1008 1666 publicum
1048 1617 1161 1654 fuisse
1199 1617 1412 1663 consilium,
1442 1617 1548 1667 quod

294 1694 374 1720 non
402 1681 614 1731 prohibitos
642 1682 912 1720 tantummodo
944 1679 1212 1734 [voluntarios]
1247 1682 1415 1719 dicerent
1449 1683 1548 1719 mili-

262 1754 384 1793 sstare,
418 1747 484 1784 ubi
522 1747 670 1784 vellent.
738 1747 940 1785 Desierant
978 1747 1054 1784 iam
1092 1747 1169 1783 ulla
1206 1747 1401 1784 contemni
1439 1748 1549 1785 bella.

297 1812 431 1861 Itaque
451 1820 605 1850 senatus
626 1813 682 1850 dis
703 1825 815 1862 agere
835 1813 986 1862 gratias,
1008 1812 1111 1861 quod
1138 1810 1322 1848 Camillus
1347 1812 1385 1848 in
1409 1813 1550 1862 magis-

296 1883 395 1913 tratu
424 1884 546 1914 esset:
587 1877 812 1915 dictatorern
842 1877 982 1926 quippe
1013 1875 1217 1913 dicendum
1247 1888 1336 1913 eum
1365 1876 1490 1922 fuisse,
1521 1877 1551 1914 si

297 1942 463 1990 privatus
484 1950 581 1980 esset
599 1957 608 1989 ;
639 1950 675 1979 et
696 1942 865 1991 collegae
886 1941 1004 1988 fateri,
1025 1942 1197 1991 regimen
1217 1942 1393 1978 omnium
1413 1954 1550 1988 rerum,

265 2006 361 2045 rubi
382 2006 473 2055 quid
493 2006 618 2044 bellici
643 2007 793 2044 terroris
817 2007 977 2055 ingruat,
1004 2006 1042 2042 in
1068 2006 1147 2042 viro
1175 2017 1254 2043 uno
1282 2018 1377 2052 esse,
1405 2006 1553 2054 sibique

298 2071 528 2108 destinatum
551 2068 625 2124 [in]
648 2072 777 2109 animo
797 2083 880 2110 esse
900 2070 1064 2109 Camillo
1085 2071 1319 2108 summittere
1340 2071 1554 2120 imperium,

299 2148 370 2173 nec
397 2137 604 2186 quicquam
631 2136 678 2174 de
705 2138 903 2174 maiestate
931 2148 1000 2173 sua
1026 2135 1237 2173 detractum
1265 2135 1428 2182 credere,
1449 2135 1555 2185 quod

299 2201 483 2238 maiestati
515 2201 594 2239 eius
626 2201 692 2239 viri
727 2201 1017 2239 concessissent.
1076 2199 1313 2238 Collaudatis
1346 2201 1395 2238 ab
1424 2206 1557 2238 senatu
