1736 2521
48 1876 173 1908 Qsssa

44 1919 97 1941 s..-

37 1956 106 1998 Zs‘:
143 1956 161 2000 ζ

373 126 451 181 178
715 135 843 175 Misy,
875 134 1012 166 BOOK
1040 134 1118 165 Vll.
1149 125 1272 165 8—10.

165 255 249 285 nc.
265 254 503 284 362.eorum
529 241 782 291 infrequentia
809 243 1017 290 conspecta
1043 241 1151 291 signa
1177 246 1313 287 essent,
1340 240 1466 277 susum
1494 252 1538 277 ac
1565 252 1633 289 per

337 314 354 346 7
369 319 482 357 agros
503 307 648 356 trepida
669 306 759 355 fuga
784 306 952 355 palatum
979 313 1047 343 est.
1105 305 1188 343 Nec
1218 305 1406 343 Romanis
1434 305 1633 342 incruenta

369 373 525 411 victoria
560 372 650 418 fuit;
693 378 827 420 quarta
858 383 947 420 pars
981 371 1142 408 militurn
1173 371 1326 417 amissa,
1357 377 1405 415 et,
1435 371 1501 407 ubi
1529 369 1633 407 haud

371 439 498 476 minus
521 439 688 475 iacturae
710 437 788 482 fuit,
810 437 957 486 aliquot
977 437 1124 486 equites
1146 437 1315 474 Romani
1337 437 1519 474 cecidere.

166 556 249 586 Rc.
267 556 388 591 361.§
417 562 443 583 1.
482 554 547 584 The
577 554 704 584 consuls
735 553 824 594 aflcr
851 564 871 584 a
901 553 1074 593 campalgrn
1105 553 1237 593 against
1266 553 1318 584 lhe
1349 552 1539 583 Ilm-nimus
1576 562 1634 582 arc

457 604 589 646 refused
611 610 764 636 entrance
792 605 862 635 into
891 605 923 636 T
920 605 1005 642 z'bm‘,
1030 605 1101 635 and
1121 615 1196 635 war
1219 606 1247 635 is
1269 604 1419 635 dcclarcd
1441 604 1574 645 against
1597 603 1633 634 it.

461 659 476 694 ξ
496 666 525 695 3.
556 657 590 687 T.
608 657 786 695 Quinctius
802 657 938 687 I'cmms
954 657 983 686 is
999 656 1164 693 Dz'clalor,
1174 656 1331 696 probably
1338 655 1400 697 sor
1415 666 1490 686 war
1503 655 1634 696 against

456 708 509 739 the
533 708 643 745 Gauls,
663 708 736 738 who
752 708 819 738 this
835 718 922 748 year
935 718 1018 738 come
1034 719 1070 738 as
1083 708 1150 749 fiv'
1165 718 1200 738 as
1221 708 1274 738 she
1290 707 1389 738 Am'o.
1437 707 1537 748 After
1550 706 1634 737 skir-

457 760 575 791 mishcs
590 764 627 790 at
640 760 693 790 the
707 760 829 800 bridgc,
845 770 865 790 α
877 760 977 799 grant
996 760 1085 790 Gaul
1098 759 1276 800 challenges
1291 759 1344 790 lhc
1361 759 1490 789 Roman
1506 768 1612 798 army.

180 839 249 872 ch.
269 840 303 873 9.
339 843 354 872 1
426 832 649 881 Insequenti
689 844 792 869 anno
830 844 951 880 quum
991 831 1034 869 C.
1078 830 1267 881 Sulpicius
1306 839 1340 869 et
1381 831 1424 869 C.
1465 830 1635 868 Licinius

372 897 511 936 Calvus
540 897 717 936 consules
744 898 783 934 in
814 897 1007 935 Hernicos
1037 897 1246 934 exercitum
1275 897 1483 942 duxissent,
1510 907 1634 945 neque

370 964 531 1002 inventis
564 964 603 1000 in
638 976 730 1013 agro
764 963 948 1009 hostibus,
985 962 1231 1000 Ferentinum
1267 963 1400 1000 urbem
1435 973 1571 1000 eorum
1600 962 1635 998 vi

371 1031 571 1079 cepissent,
599 1029 870 1066 revertentibus
897 1028 984 1066 inde
1012 1029 1065 1065 eis
1091 1028 1272 1066 Tiburtes
1299 1036 1431 1078 portas
1455 1028 1634 1065 clausere.

341 1101 358 1131 2
372 1095 430 1132 Ea
449 1095 582 1132 ultima
603 1094 671 1132 fuit
692 1107 818 1140 causa,
842 1106 962 1143 quum
983 1093 1124 1131 multae
1146 1101 1232 1131 ante
1254 1093 1517 1143 querimoniae
1536 1093 1636 1131 ultro

373 1162 544 1209 citroque
574 1161 735 1198 iactatae
771 1168 910 1207 essent,
944 1172 1010 1197 cur
1045 1173 1112 1209 per
1148 1159 1292 1196 fetiales
1326 1160 1439 1197 rebus
1470 1159 1636 1208 repetitis

341 1233 358 1263 3
373 1225 515 1263 bellurn
533 1225 683 1262 Tiburti
704 1225 849 1275 populo
871 1225 1108 1263 indiceretur.
1166 1225 1403 1263 Dictatorem
1420 1225 1468 1262 T.
1486 1225 1634 1272 Quinc-

372 1291 467 1327 tium
487 1290 663 1328 Pennum
685 1303 732 1328 eo
757 1303 860 1327 anno
888 1290 1012 1336 fuisse,
1039 1291 1129 1328 satis
1157 1297 1320 1335 constat,
1347 1297 1383 1328 et
1410 1291 1636 1339 magistrum
1662 1309 1664 1311 v

342 1356 543 1405 4equitum
572 1355 650 1393 Ser.
672 1355 896 1393 Cornelium
922 1355 1245 1405 Maluginensem.
1305 1355 1438 1394 Macer
1465 1355 1636 1394 Licinius

373 1421 616 1459 comitiorum
654 1421 921 1458 habendorum
962 1433 1078 1458 causa
1117 1429 1153 1459 et
1192 1423 1241 1459 ab
1285 1421 1435 1459 Licinio
1478 1420 1635 1458 consule

373 1487 517 1524 dictum
544 1486 684 1531 scribit,
711 1487 810 1536 quia,
838 1487 985 1536 collega
1013 1488 1169 1525 comitia
1193 1487 1294 1524 bello
1321 1486 1508 1537 praeferre
1535 1486 1635 1524 sesti-

374 1558 502 1597 nante,
523 1558 564 1589 ut
583 1552 823 1589 continuaret
846 1553 1101 1599 consulatum,
1126 1553 1277 1591 obviam
1304 1552 1473 1590 eundum
1498 1564 1636 1602 pravae

342 1617 571 1667 5eupiditati
609 1616 729 1654 fuerit.
802 1617 987 1664 Quaesita
1035 1631 1080 1655 ea
1124 1619 1300 1668 propriae
1342 1617 1506 1655 familiae
1553 1617 1636 1655 laus

374 1683 553 1720 leviorem
574 1690 769 1720 auctorem
792 1682 983 1721 Licinium
1005 1683 1113 1729 sacit;
1146 1695 1264 1733 quum
1293 1684 1529 1720 mentionem
1556 1683 1636 1720 eius

374 1749 426 1786 rei
453 1748 491 1784 in
518 1748 784 1785 vetustioribus
813 1749 1014 1786 annalibus
1043 1749 1185 1785 nullam
1212 1748 1417 1794 inveniam,
1439 1748 1575 1797 magis,
1596 1754 1636 1784 ut

375 1813 461 1851 belli
493 1812 630 1851 Gallici
665 1826 781 1850 causa
816 1813 1039 1851 dictatorem
1075 1820 1242 1851 creatum
1277 1813 1446 1859 arbitrer,
1481 1813 1636 1850 inclinat

260 1896 284 1906 ἰ
326 1879 536 1935 γβὲῃίηῑυε.
592 1878 653 1916 Eo
674 1885 774 1916 certe
795 1891 900 1916 anno
927 1878 1027 1917 Galli
1053 1879 1101 1916 ad
1126 1880 1276 1916 tertium
1303 1878 1468 1927 lapidem
1493 1877 1637 1915 Salaria

286 1932 306 1942 ”’
322 1937 331 1976 ζ-
373 1945 433 1981 via
453 1951 556 1981 trans
577 1951 735 1993 pontem
756 1944 915 1981 Anienis
936 1951 1056 1982 castra
1076 1943 1256 1981 habuere.
1321 1942 1496 1981 Dictator
1517 1955 1635 1993 quum

374 2010 558 2047 turnultus
580 2009 717 2047 Gallici
742 2022 856 2047 causa
884 2009 1065 2047 iustitium
1092 2010 1281 2055 edixisset,
1309 2021 1448 2047 omnes
1472 2009 1637 2046 iuniores

375 2082 616 2113 sacramento
642 2075 779 2124 adegit,
808 2075 1028 2124 ingentique
1055 2075 1224 2112 exercitu
1251 2075 1300 2112 ab
1326 2076 1420 2112 urbe
1444 2074 1636 2124 profectus

343 2150 360 2182 7
375 2141 412 2177 in
428 2140 601 2178 citeriore
622 2141 703 2189 ripa
719 2140 880 2178 Anienis
897 2147 1023 2177 castra
1043 2140 1180 2189 posuit.
1221 2139 1324 2178 Pons
1344 2141 1383 2177 in
1399 2140 1528 2178 medio
1543 2146 1634 2185 erat,

375 2206 517 2243 neutris
533 2218 622 2243 eum
635 2205 913 2255 rumpentibus,
926 2217 974 2242 ne
990 2206 1135 2244 timoris
1148 2205 1330 2243 indicium
1344 2212 1455 2244 esset.
1487 2205 1635 2243 Proelia

376 2271 423 2308 de
454 2271 684 2321 occupando
714 2278 833 2321 ponte
863 2271 996 2309 crebra
1034 2277 1154 2317 erant,
1188 2283 1272 2318 nec,
1295 2271 1371 2331 Q}
1400 2277 1633 2322 poterentur,

1261 2336 1295 2358 Ἰ.
1347 2348 1363 2361 f,
1393 2330 1402 2337 ⁵
1439 2329 1443 2333 “

1243 2356 1262 2364 -v
1271 2361 1274 2364 .

1345 2370 1432 2380 ,-.--
