1736 2521
393 136 475 174 144
734 131 863 173 LJVY,
896 130 1030 162 BOOK
1053 130 1110 161 VJ.
1137 130 1202 174 27,
1226 121 1290 163 28.

189 247 273 276 ac.
287 249 377 277 380.
394 238 467 276 fide
497 239 621 288 magis
651 250 768 288 quam
807 238 957 275 fortuna
988 236 1209 274 debentium
1246 235 1421 272 laborare
1459 234 1644 272 creditum

362 302 511 342 4videri
545 305 782 354 expediebat.
839 302 966 340 Creati
999 313 1179 340 censores
1209 300 1252 338 C.
1286 300 1474 350 Sulpicius
1505 299 1646 338 Came-

392 371 507 416 rinus,
531 370 594 419 Sp.
611 370 831 407 Postumius
853 368 1093 418 Regillensis,
1115 373 1328 416 coeptaque
1350 367 1425 403 iam
1445 378 1504 404 res
1523 374 1646 403 morte

393 435 591 482 Postumii,
613 436 703 485 quia
727 435 915 484 c-ollegam
945 433 1066 471 suffici
1097 433 1245 470 censori
1270 432 1402 481 religio
1421 439 1512 478 erat,
1532 431 1646 469 inter-

362 501 533 550 5pellata
559 510 625 539 est.
684 501 804 550 Igitur
834 512 954 550 quum
984 498 1172 548 Sulpicius
1205 497 1418 535 abdicasset
1445 509 1484 534 se
1507 496 1646 545 magis-

394 575 503 612 tratu,
525 579 703 604 censores
726 566 787 603 alii
805 566 895 603 vitio
917 565 1031 603 creati
1047 576 1126 602 non
1143 570 1340 613 gesserunt
1361 563 1646 611 magistratum;

394 633 523 670 tertios
550 633 678 678 creari,
703 632 804 669 velut
830 631 887 668 dis
915 643 995 668 non
1025 630 1301 679 accipientibus
1326 629 1365 665 in
1389 639 1477 665 eum
1501 638 1646 664 annum

363 713 382 741 6
396 710 607 743 censuram,
628 697 847 746 religiosum
867 696 944 733 fuit.
985 696 1085 733 Eam
1104 707 1194 732 vero
1209 694 1505 732 ludificationem
1525 692 1648 741 plebis

395 763 536 800 tribuni
557 763 752 800 ferendam
772 763 966 812 negabant
983 774 990 799 :
1020 761 1152 810 sugere
1172 768 1347 797 senatum
1367 766 1481 796 testes
1500 756 1648 794 tabulas

395 828 566 877 publicas
595 840 732 866 census
758 829 953 876 cuiusque,
985 827 1074 876 quia
1102 826 1224 863 nolint
1254 824 1424 874 conspici
1457 834 1648 860 summam

395 894 490 930 aeris
513 894 636 940 alieni,
659 906 756 943 quae
783 893 995 930 indicatura
1015 893 1072 938 sit,
1096 892 1309 928 demersam
1333 898 1479 940 partem
1500 901 1522 925 a
1542 894 1647 939 parte

395 959 564 1005 civitatis,
595 971 714 1008 quum
742 959 893 996 interim
923 959 1143 995 obaeratam
1172 956 1325 1006 plebem
1355 954 1536 993 obiectari
1567 953 1649 1001 aliis

364 1033 509 1074 ‘satque
549 1024 630 1062 aliis
663 1025 848 1062 hostibus.
906 1023 1053 1061 Passim
1087 1023 1164 1060 iam
1199 1022 1280 1059 sine
1318 1021 1396 1058 ullo
1429 1019 1650 1057 discrimine

397 1090 494 1127 bella
514 1091 668 1139 quaeri:
699 1091 748 1128 ab
767 1090 886 1127 Antio
908 1089 1106 1135 Satricum,
1129 1088 1178 1124 ab
1200 1087 1345 1124 Satrico
1361 1086 1398 1122 Χ
1401 1086 1537 1132 elitras,
1560 1084 1649 1121 inde

396 1156 620 1217 Tusculum
630 1157 802 1219 legiones
823 1156 978 1201 ductas;
1009 1155 1165 1200 Latinis,
1189 1153 1380 1199 Hernicis,
1396 1150 1650 1190 Praenestinis

396 1223 473 1259 iarn
493 1209 680 1259 intentari
693 1234 809 1267 arma,
832 1222 970 1259 cixium
999 1221 1120 1269 magis
1150 1231 1269 1270 quam
1297 1219 1465 1256 hostium
1485 1217 1586 1263 odio,
1609 1223 1650 1253 ut

396 1288 436 1324 in
456 1288 571 1324 armis
593 1294 716 1325 terant
736 1287 886 1336 plebem
907 1299 978 1324 nec
997 1286 1179 1335 respirare
1199 1285 1239 1322 in
1258 1285 1351 1322 urbe
1373 1292 1437 1321 aut
1452 1296 1519 1333 per
1531 1283 1650 1321 otium

397 1354 578 1391 libertatis
605 1354 823 1391 meminisse
854 1354 979 1390 sinant
1005 1360 1068 1389 aut
1089 1352 1293 1390 consistere
1314 1351 1353 1388 in
1374 1351 1564 1396 contione,
1586 1349 1652 1386 ubi

398 1419 607 1468 aliquando
627 1418 783 1455 audiant
803 1431 938 1456 vocem
958 1417 1199 1455 tribuniciam
1221 1417 1268 1454 de
1289 1416 1451 1454 levando
1466 1415 1596 1454 fenore
1615 1422 1652 1453 et

367 1484 475 1525 Sfine
507 1484 664 1521 aliarum
695 1484 915 1521 iniuriarum
955 1490 1143 1533 agentem.
1201 1482 1319 1529 Quod
1350 1483 1380 1520 si
1419 1483 1465 1519 sit
1503 1482 1653 1518 animus

398 1549 500 1599 plebi
519 1561 668 1586 memor
690 1555 842 1598 patrum
872 1548 1061 1594 libertatis,
1091 1561 1131 1586 se
1161 1561 1232 1586 nec
1262 1548 1386 1585 addici
1416 1558 1652 1597 quemquam

398 1616 519 1653 civem
549 1613 771 1651 Romanum
801 1614 852 1651 ob
879 1613 1060 1651 creditam
1086 1614 1290 1663 pecuniam
1319 1624 1498 1662 passuros
1527 1624 1653 1661 neque

399 1679 582 1718 dilectum
619 1678 762 1725 haberi,
804 1679 940 1724 donec,
981 1679 1153 1728 inspecto
1192 1690 1276 1715 aere
1315 1677 1441 1715 alieno
1484 1677 1653 1726 initaque

400 1746 546 1783 ratione
575 1744 774 1781 minuendi
800 1744 891 1789 eius,
915 1744 1009 1780 sciat
1035 1743 1308 1792 unusquisque,
1338 1742 1430 1791 quid
1459 1742 1529 1788 sui,
1561 1740 1655 1790 quid

400 1810 512 1848 alieni
531 1810 589 1856 sit,
611 1810 772 1858 supersit
793 1809 862 1846 sibi
884 1809 1045 1845 liberum
1065 1820 1204 1857 corpus
1229 1819 1279 1844 an
1306 1807 1344 1844 id
1365 1818 1518 1856 quoque
1538 1818 1654 1844 nervo

369 1875 594 1919 9debeatur.
654 1873 807 1912 Merces
841 1873 1038 1911 seditionis
1070 1872 1266 1922 proposita
1299 1871 1501 1909 confestim
1527 1869 1656 1908 sediti-

401 1952 518 1978 onem
538 1941 726 1978 excitavit.
783 1938 888 1976 Nam
913 1945 950 1975 et
977 1937 1252 1975 addicebantur
1271 1936 1390 1982 multi,
1413 1942 1449 1973 et
1473 1935 1522 1972 ad
1542 1935 1656 1972 Prae-

401 2006 538 2043 nestini
577 2005 721 2043 famam
764 2004 853 2042 belli
898 2015 1017 2041 novas
1061 2002 1233 2051 legiones
1270 2001 1492 2039 scribendas
1530 2007 1656 2050 patres

402 2078 627 2107 censuerant
642 2083 652 2117 3
700 2082 798 2119 quae
842 2076 1002 2117 utraque
1045 2067 1158 2105 simul
1201 2066 1342 2104 auxilio
1380 2066 1583 2104 tribunicio
1621 2071 1658 2103 et

351 2144 390 2173 10
404 2147 594 2172 consensu
632 2135 755 2184 plebis
793 2133 968 2183 impediri
999 2140 1159 2182 coepta;
1188 2143 1280 2168 nam
1311 2143 1438 2180 neque
1470 2130 1558 2168 duci
1591 2129 1659 2167 ad-

404 2200 526 2237 dictos
555 2201 695 2238 tribuni
728 2200 916 2245 sinebant,
953 2211 1077 2248 neque
1108 2197 1276 2235 iuniores
1309 2198 1470 2235 nomina
1503 2196 1657 2237 dabant.

403 2265 536 2312 Quum
557 2266 728 2316 patribus
749 2266 875 2303 minor
895 2266 934 2302 in
957 2275 1138 2315 praesens
1164 2274 1256 2302 cura
1279 2263 1444 2301 creditae
1470 2261 1659 2312 pecuniae
