1582 2543
204 111 387 145 HEAVY
413 110 678 143 TAXATJON
698 109 807 141 AND
842 108 1162 140 COMPLAJNTS.
1257 109 1313 151 47

58 232 132 270 que
168 232 212 257 ac
242 230 354 257 senes
383 225 584 256 extractos.
643 217 728 254 Iam
760 229 839 255 non
878 216 1034 254 aestatis
1069 228 1139 252 nec
1174 215 1309 252 hiemis
1332 223 1414 251 nc.
1428 224 1517 250 401.

58 286 264 323 discrimen
293 296 388 330 esse,
409 295 457 340 ne
477 283 554 320 ulla
583 283 691 341 quies
720 294 892 332 unquam
921 282 1082 318 miserae
1108 281 1208 330 plebi
1239 281 1283 317 sit
1298 293 1306 326 ;
1324 293 1341 321 S

58 363 157 400 quae
177 362 279 388 nunc
297 339 627 397 etiam⁶i²ectigalis
648 347 696 385 ad
716 347 892 385 ultimum
921 347 1019 385 facta
1039 347 1095 391 sit,
1117 353 1168 391 ut,
1189 358 1308 394 quum
1323 354 1341 380 9

58 415 232 453 confecta
252 415 392 460 labore,
404 413 633 459 vulneribus,
654 421 850 463 postremo
870 419 991 450 aetate
1012 424 1174 462 corpora
1193 418 1308 448 rettu-

58 481 168 518 lerint
184 480 402 530 incultaque
422 479 554 516 omnia
570 478 718 516 diutino
739 479 985 516 dominorum
1001 463 1190 515 desiderio
1204 476 1308 514 dorni

59 545 281 590 invenerint,
301 545 483 582 tributum
503 557 551 581 ex
572 544 709 582 affecta
737 556 776 582 re
803 543 977 580 familiari
1005 542 1176 592 pendant
1204 554 1309 579 aera-

58 622 135 660 que
154 610 338 656 militaria,
358 610 458 647 velut
478 609 606 647 fenore
629 617 798 658 accepta,
821 609 1043 658 multiplicia
1063 609 1114 645 rei
1134 607 1310 657 publicae

59 675 229 713 reddant.
270 675 373 712 Inter
393 675 574 712 dilectum
593 675 854 724 tributumque
874 682 910 711 et
930 681 1140 723 occupatos
1160 673 1311 710 animos
1326 678 1366 706 10

59 741 247 778 maiorum
266 752 394 778 rerum
413 741 525 785 curis,
542 741 705 778 comitiis
724 741 966 777 tribunorum
986 739 1107 788 plebis
1127 750 1310 776 numerus

59 805 200 855 expleri
218 806 372 855 nequiit.
432 805 650 855 Pugnatum
677 805 779 850 inde,
801 805 840 841 in
859 804 945 842 loca
965 816 1085 841 vacua
1104 811 1144 840 ut
1164 804 1310 853 patricii

59 877 338 919 cooptarentur.
412 869 624 920 Postquam
671 870 832 907 obtineri
870 882 949 907 non
986 876 1144 918 poterat,
1181 876 1311 906 tamen
1327 874 1365 902 11

59 935 347 973 labefactandae
382 935 480 985 legis
515 932 773 988 [tribuniciae]
807 947 924 972 causa
963 935 1143 972 effectum
1175 941 1242 979 est,
1272 941 1313 970 ut

57 1008 327 1050 cooptarentur
365 1002 507 1038 tribuni
537 1001 658 1050 plebis
698 1000 742 1038 C.
767 999 949 1038 Lacerius
983 1008 1019 1037 et
1054 999 1109 1036 M.
1138 1000 1311 1044 Acutius,

59 1064 162 1104 haud
191 1066 305 1105 dubie
334 1067 581 1116 patriciorum
610 1067 761 1115 opibus.

61 1179 78 1213 §
99 1185 126 1208 1.
153 1177 213 1208 Cn.
231 1176 409 1207 Trebonius
430 1177 568 1207 declares
582 1176 656 1207 that
673 1176 725 1206 tlte
749 1176 801 1207 [ἳππ-
813 1176 846 1206 T
842 1175 973 1206 rcbonia
993 1175 1053 1205 llas
1075 1175 1148 1206 been
1164 1175 1312 1212 vialatcd,
1329 1173 1402 1205 Ch.
1420 1172 1472 1204 11.

145 1228 217 1258 and
229 1239 337 1259 rouscs
358 1228 567 1268 z'ndz'gnatzbn
588 1228 721 1269 against
733 1227 923 1268 patrissans
942 1227 1014 1257 and
1026 1227 1187 1257 Tribuncs
1207 1226 1248 1267 eff
1261 1227 1315 1257 tlzc

139 1280 229 1321 plebs
242 1289 251 1309 .·
280 1282 296 1317 ξ
314 1291 343 1320 4.
367 1280 561 1320 wlzcrcupon
582 1280 669 1310 three
684 1279 724 1320 qs
735 1279 787 1309 tlte
802 1279 900 1309 latter
915 1278 1022 1308 dl'vcrt
1037 1278 1089 1308 llzc
1104 1277 1212 1308 attack
1226 1283 1313 1318 upon

147 1332 283 1371 Sergius
312 1331 383 1362 and
411 1331 597 1371 Verginius,
622 1331 694 1362 who
722 1341 780 1362 are
810 1330 948 1370 brought
976 1334 1007 1360 to
1037 1330 1122 1360 trial
1139 1329 1202 1370 sor
1226 1330 1314 1360 tlzeir

148 1382 345 1414 miscomluct
358 1383 460 1424 hcfhre
482 1383 564 1414 Veii.

114 1461 210 1499 Fors
231 1462 281 1498 ita
300 1461 394 1507 tulit,
416 1469 457 1498 ut
475 1473 522 1499 eo
543 1473 646 1499 anno
666 1461 840 1499 tribunus
860 1461 983 1511 plebis
1005 1460 1076 1499 Cn.
1092 1461 1310 1498 Trebonius
1326 1469 1344 1497 1

59 1534 171 1573 esset,
191 1527 256 1577 qui
285 1527 431 1565 nomini
458 1539 502 1564 ac
521 1526 688 1564 familiae
715 1527 886 1564 debitum
910 1535 1104 1577 praestare
1124 1527 1312 1564 videretur

61 1592 281 1630 Treboniae
310 1592 405 1641 legis
428 1593 698 1642 patrocinium.
755 1592 806 1637 Is,
837 1593 943 1642 quod
971 1593 1157 1642 petissent
1184 1598 1344 1641 patres2

60 1657 259 1708 quondam
287 1659 413 1707 primo
440 1659 595 1707 incepto
625 1658 778 1708 repulsi,
808 1658 965 1695 tandem
994 1655 1183 1710 [tribunos
1212 1657 1310 1694 mili-

58 1720 158 1776 tum]
186 1735 430 1772 expugnasse
448 1723 670 1769 vociferans,
698 1724 824 1773 legem
855 1723 1091 1761 Treboniam
1121 1723 1310 1760 sublatam

59 1795 97 1826 et
115 1795 316 1838 cooptatos
336 1789 506 1827 tribunos
534 1789 655 1838 plebis
675 1801 755 1826 non
775 1789 964 1837 suffragiis
984 1789 1129 1837 populi,
1151 1788 1219 1825 sed
1237 1788 1310 1824 im-

59 1854 166 1904 perio
203 1855 471 1904 patriciorum;
513 1867 561 1892 eo
594 1855 734 1892 revolvi
767 1867 859 1900 rem,
895 1861 936 1890 ut
971 1862 1035 1890 aut
1070 1854 1215 1903 patricii
1245 1859 1311 1890 aut

59 1920 306 1969 patriciorum
325 1920 491 1958 asseclae
511 1920 679 1957 habendi
699 1920 840 1957 tribuni
868 1919 989 1969 plebis
1017 1919 1113 1965 sint;
1141 1919 1235 1968 eripi
1250 1931 1309 1955 sa·
1323 1931 1342 1960 3

59 1992 181 2022 cratas
203 1986 317 2035 leges,
339 1986 556 2035 extorqueri
579 1986 821 2023 tribuniciam
837 1992 1089 2034 potestatem;
1119 1984 1158 2021 id
1176 1983 1310 2021 fraude

58 2051 314 2100 patriciorum,
354 2052 496 2089 scelere
536 2063 580 2089 ac
619 2051 836 2100 proditione
885 2050 1119 2100 collegarum
1166 2049 1311 2086 factum

58 2127 224 2165 arguere.
281 2116 413 2163 Quum
442 2117 617 2154 arderent
645 2116 786 2153 invidia
815 2127 895 2152 non
924 2123 1052 2165 patres
1080 2114 1210 2161 modo,
1240 2114 1343 2152 sed4

58 2180 172 2218 etiarn
191 2182 331 2219 tribuni
361 2182 494 2231 plebis,
516 2182 686 2230 cooptati
711 2181 852 2230 pariter
871 2188 908 2217 et
932 2181 998 2229 qui
1025 2187 1309 2229 cooptaverant,

57 2252 139 2282 tum
152 2259 201 2284 ex
220 2247 383 2296 collegio
402 2254 488 2293 tres,
501 2246 543 2284 P.
558 2246 746 2291 Curatius,
761 2245 818 2283 M.
831 2245 1015 2291 Metilius,
1029 2244 1085 2283 M.
1099 2244 1309 2290 Minucius,
