1670 2532
259 69 310 110 88
617 80 746 124 LJVY,
777 82 914 114 BOOK
938 83 976 114 V.
1001 87 1158 130 41-43·

55 185 137 214 ac.
156 186 244 215 390.
261 174 422 213 tradant.
481 174 592 222 Galli,
625 183 662 214 et
688 177 778 226 quia
817 177 1039 227 interposita
1076 184 1188 216 nocte
1219 191 1241 216 a
1273 179 1516 218 contentione

227 244 414 290 4pugnae
443 241 666 278 remiserant
697 242 846 280 animos
873 250 908 280 et
939 243 1045 292 quod
1075 256 1146 281 nec
1178 244 1216 280 in
1252 245 1332 282 acie
1361 245 1516 294 ancipiti

257 318 421 355 usquam
451 313 684 344 certaverant
707 308 852 356 proelio
878 321 949 346 nec
969 316 1051 346 tum
1080 310 1226 358 impetu
1247 317 1312 346 aut
1335 311 1369 346 vi
1390 311 1517 360 capie-

255 371 347 408 bant
368 373 512 418 urbem,
534 373 614 410 sine
638 373 702 417 ira,
724 373 805 410 sine
833 373 967 411 ardore
993 375 1211 411 animorum
1240 375 1400 424 ingressi
1429 388 1516 424 pos—

255 442 336 474 tero
356 437 418 474 die
438 439 574 474 urbem
594 445 746 486 patente
764 438 915 476 Collina
935 446 1056 488 porta,
1075 440 1114 478 in
1130 439 1259 477 forum
1280 440 1525 489 perveniunts

257 502 564 540 circumferentes
593 503 726 540 oculos
755 503 804 540 ad
839 504 981 553 templa
1009 504 1126 541 deum
1157 517 1363 554 arcemque
1393 505 1516 542 solam

228 556 345 604 5belli
375 568 540 621 speciem
570 575 776 605 tenentem.
833 568 939 614 Inde,
969 570 1122 607 modico
1152 570 1282 608 relicto
1314 571 1514 620 praesidio,

258 625 307 670 ne
325 634 409 682 quis
439 634 477 670 in
506 634 710 683 dissipatos
731 646 779 671 ex
803 646 886 672 arce
913 642 977 671 aut
998 634 1190 684 Capitolio
1211 636 1376 685 impetus
1400 636 1516 681 fieret,

256 698 388 747 dilapsi
417 699 466 736 ad
492 699 677 748 praedam
696 699 824 736 vacuis
853 712 1014 737 occursu
1043 700 1243 739 hominum
1263 702 1341 747 viis,
1362 714 1448 751 pars
1477 702 1516 738 in

258 764 432 812 proxima
466 777 642 814 quaeque
677 772 863 802 tectorum
898 766 1052 814 agmine
1091 773 1215 812 ruunt,
1250 779 1338 816 pars
1372 767 1515 812 ultima,

228 829 359 866 6ve1ut
388 842 432 867 ea
462 830 619 868 demum
649 831 788 868 intacta
817 838 853 868 et
882 831 1017 868 referta
1046 832 1200 881 praeda,
1231 840 1389 881 petunt3
1428 833 1516 870 inde

259 907 386 933 rursus
407 896 490 945 ipsa
509 895 711 933 solitudine
733 897 929 942 absterriti,
950 910 998 934 ne
1019 909 1094 947 qua
1114 897 1214 935 fraus
1234 898 1379 935 hostilis
1399 911 1517 947 vagos

259 961 462 1010 exciperet,
494 962 532 998 in
564 961 689 1000 forum
721 975 766 1000 ac
805 963 1022 1012 propinqua
1056 962 1139 1001 foro
1179 963 1263 1001 loca
1294 964 1526 1013 conglobati

228 1026 456 1073 7redibant3
495 1028 558 1064 ubi
588 1039 666 1073 θος,
696 1028 818 1077 plebis
853 1028 1031 1066 aedificiis
1071 1029 1266 1074 obseratis,
1298 1029 1516 1078 patentibus

260 1092 361 1129 atriis
394 1093 624 1142 principum,
658 1094 779 1131 maior
814 1106 933 1143 prope
969 1095 1161 1132 cunctatio
1200 1095 1352 1132 tenebat
1386 1102 1516 1144 aperta

228 1163 375 1205 squam
403 1157 530 1194 clausa
556 1159 757 1196 invadendi
773 1172 782 1205 ;
823 1160 919 1197 adeo
948 1160 1050 1196 haud
1080 1172 1188 1197 secus
1218 1172 1334 1209 quam
1359 1172 1515 1197 venera-

258 1223 376 1260 bundi
414 1224 659 1261 intuebantur
697 1225 735 1261 in
770 1225 922 1261 aedium
960 1225 1152 1262 vestibulis
1191 1225 1367 1263 sedentes
1404 1226 1514 1270 viros,

256 1295 403 1338 praeter
426 1296 605 1326 ornatum
629 1290 880 1339 habitumque
902 1289 1070 1328 humano
1095 1290 1356 1339 augustiorem
1377 1291 1513 1328 maies-

255 1361 330 1392 tate
359 1356 485 1400 etiam‚
517 1367 633 1404 quam
652 1356 776 1393 vultus
807 1356 1047 1405 gravitasque
1078 1357 1154 1393 oris
1183 1368 1271 1405 prae
1296 1368 1336 1393 se
1358 1356 1512 1402 ferebat,

225 1432 242 1462 9
256 1421 468 1458 simillimos
488 1420 556 1457 dis.
600 1421 662 1457 Ad
682 1433 749 1458 eos
769 1421 867 1457 velut
888 1421 1089 1458 simulacra
1105 1422 1199 1458 versi
1221 1434 1342 1471 quum
1362 1429 1512 1466 starent,

256 1486 310 1524 M.
334 1487 516 1536 Papirius,
540 1497 638 1523 unus
667 1499 714 1523 ex
744 1486 799 1531 iis,
829 1486 965 1522 dicitur
995 1485 1108 1524 Gallo
1138 1487 1297 1523 barbam
1328 1499 1448 1533 suam,
1473 1494 1514 1524 ut

252 1561 332 1590 tum
353 1553 533 1590 omnibus
553 1552 742 1600 promissa
771 1558 861 1597 crat,
883 1552 1131 1600 permulcenti
1153 1553 1321 1601 scipione
1343 1553 1513 1590 eburneo

254 1620 293 1655 in
313 1625 428 1668 caput
448 1618 601 1654 incusso
626 1617 720 1653 iram
749 1617 924 1661 movisse,
947 1624 1060 1666 atque
1081 1618 1130 1654 ab
1150 1629 1196 1654 eo
1217 1617 1363 1653 initium
1385 1617 1512 1654 caedis

204 1694 242 1723 10
256 1691 391 1728 ortum,
413 1691 560 1720 ceteros
590 1683 628 1718 in
657 1682 811 1719 sedibus
833 1682 908 1719 suis
930 1682 1160 1728 trucidatos3
1191 1689 1277 1731 post
1296 1682 1512 1731 principum

253 1749 410 1787 caedem
431 1749 522 1785 nulli
539 1747 676 1785 deinde
697 1747 915 1786 mortalium
937 1748 1051 1796 parci,
1065 1747 1173 1796 diripi
1195 1754 1302 1792 tecta,
1318 1747 1512 1785 exhaustis

253 1815 352 1851 iniici
382 1815 502 1863 ignes.

85 1911 157 1943 Ch,
175 1909 271 1944 42,§
294 1915 320 1936 1.
351 1907 382 1937 T
377 1906 415 1936 lte
435 1907 583 1936 Romans
595 1906 690 1947 from
713 1906 765 1937 the
792 1905 922 1936 Cz‘ladcl
939 1904 1006 1935 look
1027 1915 1067 1934 on
1091 1904 1207 1943 agrhast
1229 1908 1264 1934 at
1286 1905 1338 1935 llrc
1350 1904 1420 1946 fire
1443 1905 1515 1936 and

333 1959 491 1999 slundcr,
559 1960 574 1995 ξ
595 1965 622 1998 7.
648 1958 704 1988 but
727 1957 800 1997 they
821 1957 900 1987 hold
918 1956 1007 1987 llicir
1022 1961 1095 1997 post
1114 1956 1254 1996 braz'cly,
1279 1956 1350 1986 and
1374 1957 1411 1987 in
1432 1957 1510 1988 time

337 2011 410 2051 tluy
425 2020 482 2040 arc
497 2009 664 2040 hardcnccl
676 2014 706 2040 lo
721 2009 773 2039 llic
787 2009 884 2049 sight.

223 2082 238 2111 1
309 2075 499 2119 Ceterum,
521 2087 587 2112 seu
611 2087 689 2112 non
721 2075 900 2112 omnibus
930 2074 1077 2111 delendi
1106 2074 1240 2110 urbem
1270 2073 1388 2111 libido
1417 2085 1507 2119 erat,

252 2154 318 2179 scu
343 2142 393 2178 ita
418 2141 608 2189 placuerat
632 2141 866 2189 principibus
893 2139 1103 2184 Gallorum,
1125 2146 1161 2176 et
1190 2140 1369 2176 ostentari
1393 2151 1508 2188 quae-

253 2208 339 2244 dam
374 2206 551 2244 incendia
582 2206 734 2243 terroris
768 2217 894 2251 causa,
930 2205 959 2242 si
989 2204 1166 2254 compelli
1197 2204 1244 2241 ad
1274 2204 1506 2243 deditionem
