1637 2554
477 131 620 164 ROME
649 131 700 163 IS
724 130 956 164 REBUILT.
1262 131 1340 173 105

87 239 310 290 reliqueritis
329 250 426 283 eam,
447 244 641 275 macerent
661 237 858 276 desiderio.
917 236 1009 275 Non
1039 237 1121 274 sine
1150 248 1264 273 causa
1288 236 1338 272 dii
1353 246 1435 273 ac.
1454 245 1542 272 390.

87 307 339 355 hominesque
365 304 466 342 hunc
492 304 578 341 urbi
603 303 828 341 condendae
854 303 982 340 locum
1011 302 1217 351 elegerunt,
1238 301 1368 338 salu-4

87 371 274 408 berrimos
293 369 419 415 colles,
437 369 579 406 flumen
599 377 868 418 opportunum,
889 380 969 418 quo
988 380 1035 405 ex
1055 366 1341 404 mediterraneis

86 436 181 473 locis
214 435 341 485 fruges
373 434 614 479 devehantur,
646 446 724 483 quo
757 434 935 470 maritimi
968 440 1207 471 commeatus
1245 432 1342 469 acci·

88 502 252 550 piantur,
277 512 382 537 mare
411 500 576 537 vicinum
610 499 659 536 ad
692 499 985 536 commoditates
1019 510 1089 535 nec
1124 497 1342 546 expositum

88 566 206 603 nimia
230 565 511 615 propinquitate
537 564 586 601 ad
612 564 778 614 pericula
807 563 983 601 classium
1009 570 1263 607 externarum,
1284 573 1342 598 re-

87 632 243 680 gionem
273 630 402 668 Italiae
431 624 608 667 mediam.
665 629 728 666 Ad
760 630 1037 667 incrementum
1067 629 1170 665 urbis
1202 635 1368 669 natum5

87 697 198 733 unice
235 709 307 733 esse
343 695 483 741 locum,
521 703 748 744 argumento
784 703 841 732 est
878 695 960 744 ipsa
997 693 1222 744 magnitudo
1258 700 1338 730 tam

87 774 209 799 novae
229 762 343 799 urbis.
401 760 711 798 Trecentesimus
743 761 1004 811 sexagesimus
1033 761 1188 810 quintus
1216 771 1340 796 annus

86 827 202 872 urbis,
223 826 401 873 Quirites,
425 826 570 875 agitur3
609 826 706 863 inter
733 834 788 864 tot
817 827 1036 863 veterrimos
1065 824 1228 875 populos
1259 831 1339 861 tam

87 892 152 929 diu
181 891 280 929 bella
305 891 445 941 geritis,
466 903 585 940 quum
611 891 766 937 interea,
787 904 835 928 ne
865 891 1033 941 singulas
1058 891 1191 939 loquar
1215 890 1338 935 urbes,

88 969 167 994 non
192 957 384 995 coniuncti
410 969 499 994 cum
521 957 667 1005 Aequis
686 956 828 1002 Volsci,
849 964 904 994 tot
933 964 1011 993 tam
1037 956 1159 993 valida
1188 954 1339 1005 oppida,

87 1035 166 1060 non
186 1023 363 1060 universa
379 1021 541 1067 Etruria,
562 1028 711 1059 tantum
737 1030 835 1059 terra
860 1022 1032 1071 marique
1058 1021 1206 1071 pollens
1226 1028 1339 1069 atque

87 1089 184 1125 inter
211 1088 287 1125 duo
315 1087 434 1124 maria
467 1087 705 1124 latitudinem
733 1087 909 1124 obtinens
937 1087 1080 1132 Italiae,
1100 1086 1203 1123 bello
1231 1086 1340 1124 vobis

87 1165 156 1202 par
188 1160 254 1190 est.
312 1151 430 1198 Quod
462 1164 582 1201 quum
615 1152 667 1189 ita
698 1153 754 1198 sit,
782 1165 892 1202 quae,
919 1153 1074 1201 malum,
1098 1152 1194 1189 ratio
1225 1159 1281 1188 est
1314 1154 1370 1190 †6

88 1218 251 1267 expertis
279 1217 351 1254 alia
377 1217 547 1266 experiri,
569 1229 698 1266 quum,
719 1218 795 1254 iarn
822 1225 862 1254 ut
888 1218 1001 1255 xistus
1029 1225 1152 1255 vestra
1180 1216 1338 1254 transire

88 1283 164 1320 alio
188 1283 317 1332 possit,
338 1282 488 1320 fortuna
513 1289 613 1320 certe
638 1282 710 1320 loci
735 1282 847 1320 huius
872 1282 1062 1320 transferri
1088 1294 1168 1319 non
1193 1282 1338 1331 possit?

89 1346 164 1384 Hic
184 1347 415 1396 Capit011um
441 1354 507 1393 est,
527 1348 592 1384 ubi
618 1347 815 1397 quondam
842 1348 964 1396 capite
990 1347 1162 1384 humano
1181 1347 1368 1385 invento7

87 1423 315 1461 responsum
341 1419 409 1457 est,
429 1424 476 1449 eo
502 1412 588 1449 loco
614 1420 725 1461 caput
744 1424 870 1449 rerum
896 1424 1165 1461 summamque
1190 1411 1339 1461 imperii

88 1475 192 1523 sore3
220 1476 290 1522 hic,
311 1489 430 1526 quum
450 1485 636 1526 augurato
659 1477 878 1514 liberaretur
897 1477 1140 1526 Capitolium,
1161 1477 1340 1514 Iuventas

90 1541 372 1591 Terminusque
402 1543 572 1580 maximo
603 1543 744 1593 gaudio
778 1551 929 1592 patrum
956 1550 1166 1581 vestrorum
1195 1543 1340 1581 moveri

89 1618 129 1644 se
155 1619 233 1644 non
259 1607 382 1656 passi;
412 1607 472 1644 hic
492 1607 632 1645 Vestae
658 1608 778 1658 ignes,
799 1608 859 1645 hic
879 1609 1015 1646 ancilia
1034 1609 1142 1646 caelo
1163 1608 1340 1654 demissa,

88 1671 148 1709 hic
167 1684 304 1709 omnes
326 1673 478 1722 propitii
497 1673 740 1712 manentibus
760 1674 868 1711 vobis
888 1674 961 1712 dii?

93 1802 159 1834 The
172 1803 282 1844 people
301 1803 405 1840 doubt,
425 1804 483 1834 but
501 1815 558 1835 arc
577 1804 755 1846 cmgfirmcd
774 1805 812 1845 by
826 1815 872 1836 an
892 1815 994 1843 omen,
1012 1805 1084 1836 and
1096 1805 1148 1837 tlze
1163 1805 1229 1846 city
1245 1806 1274 1836 is
1294 1816 1342 1836 re·
1356 1811 1428 1845 Ch.
1447 1812 1512 1846 55,

173 1853 268 1890 built,
283 1855 341 1885 but
355 1856 392 1886 in
409 1855 498 1886 lzaste
511 1856 583 1886 and
595 1856 735 1887 without
750 1857 833 1888 rule.

141 1944 310 1984 Movisse
340 1945 526 1985 Camillus
563 1960 682 1997 quum
720 1949 794 1986 alia
826 1949 1009 1993 oratione,
1037 1956 1120 1987 tum
1153 1963 1210 1996 ea,
1240 1959 1371 2000 quael

87 2010 137 2048 ad
154 2011 356 2060 religiones
375 2013 598 2061 pertinebat,
618 2015 786 2051 maxime
806 2014 963 2062 diciturg
993 2015 1061 2052 sed
1081 2028 1162 2053 rem
1183 2016 1340 2054 dubiam

87 2076 251 2113 decrevit
271 2088 347 2114 vox
376 2086 590 2126 opportune
616 2080 765 2125 emissa,
786 2080 902 2129 quod,
923 2093 1044 2130 quum
1072 2088 1226 2119 senatus
1253 2089 1342 2132 post

88 2141 204 2190 paulo
223 2141 270 2178 de
288 2141 345 2179 his
365 2144 478 2180 rebus
497 2144 535 2180 in
555 2145 659 2181 curia
679 2144 846 2182 Hostilia
860 2145 1073 2191 haberetur,
1087 2147 1339 2199 cohortesque

88 2219 136 2243 ex
167 2207 361 2256 praesidiis
393 2216 622 2246 revertentes
654 2209 749 2246 sorte
783 2211 936 2260 agmine
970 2211 1094 2249 forum
1127 2214 1338 2261 transirent,

88 2273 260 2311 centurio
280 2273 318 2310 in
340 2274 495 2313 comitio
515 2274 760 2313 exclamavit:
801 2280 810 2297 ⁶
824 2276 1000 2326 Signifer,
1021 2285 1143 2316 statue
1166 2279 1317 2329 signum
1325 2294 1334 2327 ;
1348 2288 1367 2318 2

562 2339 566 2345 .
807 2330 1387 2349 Ἢ
