1670 2532
266 112 320 152 86
623 121 753 161 LJVY,
785 121 923 153 BOOK
950 121 987 153 V.
1011 125 1166 168 39-41.

63 233 145 262 nc.
163 234 252 262 390.
267 239 356 264 men
405 226 631 273 defendere‚·
682 224 912 280 [flaminem]
953 227 1244 278 sacerdotesque
1283 233 1320 266 et
1348 227 1522 266 Vestales

215 286 253 316 11
269 303 376 328 sacra
406 282 559 341 publica
593 305 615 329 a
649 291 776 337 caede,
807 293 856 329 ab
885 293 1069 330 incendiis
1099 293 1231 342 procul
1261 292 1420 338 auferre,
1450 305 1522 330 nec

268 364 354 393 ante
388 356 510 394 deseri
541 356 684 393 cultum
715 356 884 403 deorum,
919 370 1036 407 quam
1066 370 1144 395 non
1175 364 1426 407 superessent,
1457 358 1523 407 qui

217 425 254 455 12
269 421 445 459 colerent.
492 420 530 458 Si
551 433 617 457 arx
639 421 960 471 Capitoliumque,
982 423 1092 460 sedes
1114 423 1284 468 deorum,
1306 423 1336 460 si
1357 429 1521 468 senatus,

267 494 381 536 caput
405 486 546 535 publici
576 487 734 532 consilii,
757 487 787 524 si
813 487 982 525 militaris
1002 488 1176 525 iuventus
1206 487 1432 537 superfuerit
1452 487 1521 523 im-

266 552 424 589 minenti
463 552 594 590 ruinae
631 553 746 597 urbis,
785 551 936 590 facilem
976 553 1158 591 iacturam
1198 565 1281 590 esse
1329 553 1522 590 seniorum

216 622 254 651 13
268 619 414 655 relictae
436 619 474 655 in
494 619 588 655 urbe
607 619 737 667 utique
760 618 945 667 periturae
969 619 1111 657 turbae.
1166 619 1215 656 Et
1237 631 1316 668 quo
1336 619 1374 655 id
1392 619 1522 668 aequi-

266 696 331 720 ore
365 684 494 721 animo
525 683 572 721 de
604 683 716 733 plebe
749 683 952 720 multitudo
984 683 1106 729 ferret,
1137 696 1247 721 senes
1276 683 1522 733 triumphales

265 748 560 797 consularesque
590 748 701 785 simul
733 760 773 785 se
804 760 892 785 cum
925 748 994 786 illis
1027 749 1154 798 palam
1185 749 1308 786 dicere
1338 749 1520 795 obituros,

264 825 335 850 nec
369 812 426 850 his
466 813 704 862 corporibus,
741 813 879 862 quibus
913 825 992 850 non
1031 826 1137 851 arma
1175 814 1284 859 ferre,
1314 826 1394 851 non
1428 814 1522 851 tueri

265 878 427 926 patriam
446 885 615 927 possent,
636 885 859 915 oneraturos
879 878 1046 927 inopiam
1067 887 1310 916 armatorum.

96 987 167 1021 Ch.
185 987 283 1024 40‚§
306 994 331 1017 1.
365 987 397 1017 T
393 987 430 1018 lle
446 998 565 1028 young
584 998 656 1019 men
680 987 886 1029 accordingly
903 998 944 1029 go
968 988 1037 1019 into
1059 987 1111 1019 tlte
1133 988 1257 1025 ciladcl,
1281 999 1364 1020 some
1384 988 1425 1030 ⁰f
1436 988 1538 1020 lhcm'

341 1038 550 1079 followedby
565 1040 653 1070 their
668 1040 776 1070 wives.
847 1043 862 1077 ξ
882 1049 910 1079 5.
943 1041 975 1071 T
971 1040 1008 1070 hc
1027 1051 1111 1070 mass
1129 1041 1170 1081 ff
1179 1040 1231 1071 llic
1247 1040 1336 1081 plebs
1347 1040 1404 1081 sty
1423 1045 1453 1071 lo
1471 1041 1523 1072 tlte

351 1090 556 1129 Ianiculum,
579 1091 651 1122 and
677 1092 786 1122 tlzcnce
811 1097 930 1122 scattcr
953 1102 1030 1122 over
1054 1092 1106 1122 the
1136 1097 1285 1131 country.
1358 1094 1373 1129 ξ
1399 1099 1427 1132 7.
1457 1091 1523 1123 The

339 1141 471 1183 flamm
487 1143 527 1183 os
535 1143 632 1173 illars
647 1143 719 1174 and
730 1144 782 1174 tlze
805 1144 915 1175 Vcslal
931 1144 1064 1184 virgins
1079 1153 1137 1174 are
1157 1143 1298 1185 brought
1319 1143 1355 1174 in
1374 1143 1478 1185 safily
1492 1148 1523 1174 to

355 1194 454 1225 Caere
469 1194 507 1234 by
521 1194 574 1226 the
586 1195 678 1235 picly
692 1195 779 1237 ofL.
797 1196 971 1227 Albinius.
1398 1223 1620 1254 AEaeukrk—
1669 1207 1670 1210 ¹

237 1270 253 1299 1
323 1263 434 1301 Haec
469 1264 565 1301 inter
601 1264 770 1301 seniores
808 1265 921 1303 morti
955 1265 1161 1304 destinatos
1199 1265 1338 1303 iactata
1376 1264 1521 1302 solatia.
1668 1246 1670 1282 ᾖ

267 1328 412 1367 Versae
445 1329 533 1367 inde
563 1329 845 1367 adhortationes
875 1330 923 1367 ad
959 1342 1098 1379 agmen
1132 1331 1323 1375 iuvenum,
1356 1341 1454 1379 quos
1483 1329 1521 1365 in

264 1394 498 1444 Capitolium
512 1402 624 1445 atque
641 1396 679 1433 in
699 1408 825 1433 arcem
845 1397 1186 1446 prosequebantur,
1207 1395 1522 1434 commendantes

263 1461 387 1498 virtuti
418 1474 552 1499 eorum
582 1462 834 1511 iuventaeque
865 1462 969 1499 urbis
1003 1474 1069 1511 per
1099 1469 1290 1499 trecentos
1323 1460 1521 1510 sexaginta

267 1538 391 1564 annos
419 1527 599 1565 omnibus
628 1527 737 1565 bellis
765 1527 940 1573 victricis,
968 1539 1220 1576 quaecunque
1250 1526 1394 1576 reliqua
1423 1532 1522 1563 esset

237 1591 432 1630 2sortuna.
489 1592 813 1642 Digredientibus,
841 1594 906 1643 qui
937 1605 1046 1643 spem
1076 1605 1233 1630 omnem
1263 1600 1376 1642 atque
1405 1603 1521 1641 opem

269 1669 401 1695 secum
433 1658 615 1704 ferebant,
650 1660 698 1696 ab
732 1659 787 1704 iis,
818 1659 883 1708 qui
913 1666 1049 1708 captae
1078 1659 1181 1695 urbis
1212 1670 1291 1696 non
1322 1668 1521 1706 superesse

269 1730 477 1761 statuerant
512 1725 639 1770 exitio,
674 1737 792 1775 quum
825 1725 907 1774 ipsa
941 1737 1001 1762 res
1033 1725 1256 1774 speciesque
1296 1723 1520 1760 miserabilis
1567 1732 1570 1733 ’

237 1796 356 1834 serat,
389 1796 471 1827 tum
502 1790 693 1829 muliebris
732 1791 841 1828 fletus
880 1798 916 1828 et
954 1791 1195 1828 concursatio
1235 1791 1378 1827 incerta
1416 1801 1521 1826 nunc

267 1855 351 1901 hos,
371 1867 473 1892 nunc
493 1855 575 1894 illos
596 1857 836 1906 sequentium
857 1857 1180 1906 rogitantiumque
1200 1857 1300 1893 viros
1320 1862 1519 1904 natosque,

267 1920 328 1956 cui
361 1932 402 1958 se
436 1920 514 1958 sato
544 1921 688 1967 darent,
721 1922 825 1967 nihil,
856 1922 960 1971 quod
990 1922 1146 1958 humani
1176 1926 1390 1970 superesset
1418 1919 1519 1964 mali,

237 1984 542 2034 4relinquebant.
602 1986 749 2035 Magna
772 1999 860 2036 pars
889 1994 1018 2024 tamen
1048 1998 1178 2024 earum
1208 1986 1247 2022 in
1273 1997 1400 2022 arcem
1429 1996 1520 2022 suos

267 2058 488 2099 persecutae
522 2058 618 2097 sunt,
653 2064 724 2089 nec
755 2051 980 2100 prohibente
1010 2051 1086 2088 ullo
1117 2063 1186 2088 nec
1217 2057 1389 2096 vocante,
1419 2050 1519 2100 quia,

267 2116 372 2165 quod
391 2116 481 2154 utile
502 2117 668 2155 obsessis
685 2117 733 2154 ad
749 2116 998 2154 minuendam
1013 2116 1205 2153 imbellem
1225 2115 1517 2162 multitudinem,

237 2186 255 2216 5
269 2180 305 2217 id
326 2193 462 2230 parurn
481 2181 691 2218 humanum
707 2188 798 2219 erat.
838 2181 925 2218 Alia
943 2181 1110 2218 maxime
1127 2181 1248 2230 plebis
1264 2181 1386 2227 turba,
1402 2192 1520 2230 quarn

267 2258 340 2284 nec
371 2259 507 2296 capere
536 2254 615 2284 tam
645 2247 805 2296 exiguus
833 2246 938 2284 collis
959 2258 1030 2284 nec
1061 2245 1159 2284 alere
1190 2246 1228 2283 in
1256 2252 1361 2284 tanta
1389 2246 1520 2296 inopia
