1670 2532
242 133 322 163 122
587 130 717 171 LIVY,
747 130 885 162 BOOK
908 131 967 163 Vl.
995 135 1145 177 11-13.

37 238 119 267 Βιῦ·
137 236 407 285 38⁵-speciem
434 247 574 273 causae
603 235 797 282 iactatum,
818 242 859 272 ut
878 236 1002 274 maior
1029 244 1198 286 potestas
1227 243 1492 286 quaereretur;

186 304 225 334 10
239 300 305 338 sed
338 312 436 338 nova
474 300 631 338 consilia
663 299 798 337 Manlii
837 302 959 350 magis
989 302 1208 351 compulere
1240 310 1413 340 senatum
1444 303 1493 339 ad

240 365 464 403 dictatorem
494 366 714 403 creandum.
773 365 932 404 Creatus
952 366 998 403 A.
1019 367 1220 405 Cornelius
1248 368 1392 406 Cossus
1412 380 1493 405 ma-

239 431 397 480 gistrum
417 431 588 480 equitum
609 430 701 468 dixit
722 430 771 468 T.
794 430 1020 477 Quinctium
1041 432 1312 482 Capitolinum.

71 537 140 570 Ch.
167 537 257 579 12.§
287 550 312 572 1.
352 542 383 572 T
379 541 416 572 he
440 541 594 572 Dictator
625 541 768 572 marshes
798 541 868 573 into
896 543 949 574 the
976 544 1146 584 Pomptine
1175 544 1256 574 land
1279 549 1310 575 to
1341 547 1419 575 meet
1444 543 1496 574 tlte

334 593 482 623 Γοίςινάη
495 603 567 622 arm
564 602 599 632 y.
670 595 684 629 ξ
701 601 726 622 2.
744 593 830 623 [low
842 593 894 624 the
911 596 923 625 l
931 595 1075 625 'olscz'ans
1086 595 1156 625 aml
1162 595 1266 626 ollzcrs
1272 595 1388 637 found
1394 600 1497 635 troops

318 645 425 719 sor-'-
390 644 440 674 all
452 644 500 674 th
499 654 535 674 ·sc
565 655 639 674 vars
654 644 834 674 lei'stomans
848 645 887 676 do
899 651 955 676 not
965 658 995 677 νι
992 647 1082 677 cord.
1152 650 1167 684 ξ
1182 645 1211 678 6.
1235 646 1498 678 Tltcirnumlcrs

327 707 393 726 not
510 700 591 726 v.ast
640 695 694 735 By
706 695 758 726 tlze
772 695 883 728 advice
897 697 937 739 of
944 698 996 729 the
1012 699 1165 729 chlalor
1181 699 1233 730 the:
1250 699 1395 729 Romans
1410 702 1498 728 trust

326 752 356 779 to
372 707 492 778 ίΙιείν)ι
473 757 513 777 sa·
516 746 605 778 1.0rds

210 827 226 856 1
295 823 467 861 Dictator
496 823 563 860 etsi
594 823 779 861 maiorem
806 823 1092 862 dimicationem
1122 825 1358 874 propositam
1390 824 1495 862 domi

242 901 358 939 quam
380 889 469 926 soris
489 889 680 934 cernebat,
702 896 841 934 tamen,
864 902 930 927 seu
957 892 1047 939 quia
1072 891 1264 929 celeritate
1285 890 1334 927 ad
1356 890 1497 927 bellum

243 967 341 1005 opus
359 961 452 999 erat,
468 966 534 991 seu
555 954 709 991 victoria
729 955 999 1005 triumphoque
1022 956 1227 994 dictaturae
1248 956 1318 1005 ipsi
1340 957 1436 993 vires
1457 968 1497 992 se
1537 979 1540 981 -

242 1021 455 1058 additurum
476 1027 588 1065 ratus,
610 1020 748 1057 dilectu
769 1020 900 1057 habito
921 1022 958 1058 in
979 1034 1112 1070 agrum
1134 1021 1392 1071 Pomptinum,
1415 1032 1494 1071 quo

210 1097 265 1127 2a
302 1085 454 1123 Volscis
492 1086 700 1122 exercitum
739 1085 937 1123 inductum
977 1087 1157 1132 audierat,
1199 1087 1332 1136 pergit.
1406 1085 1498 1124 Non

243 1151 386 1197 dubito,
407 1158 554 1200 praeter
574 1152 797 1197 satietatem,
821 1158 875 1189 tot
896 1151 970 1188 iam
993 1152 1096 1189 libris
1117 1152 1269 1189 assidua
1289 1152 1388 1189 bella
1410 1163 1499 1190 curn

243 1216 396 1254 Volscis
421 1224 529 1266 gesta
556 1217 767 1266 legentibus
794 1217 884 1254 illud
913 1229 1068 1267 quoque
1093 1229 1371 1262 succursurum,
1393 1217 1499 1267 quod

243 1281 335 1318 mihi
356 1284 595 1332 percensenti
616 1283 813 1334 propiores
834 1283 1071 1332 temporibus
1096 1282 1231 1320 harum
1258 1295 1382 1320 rerum
1409 1295 1499 1332 auc-

243 1354 343 1385 tores
373 1348 556 1386 miraculo
584 1348 663 1394 suit,
694 1348 797 1385 unde
826 1349 937 1385 toties
967 1348 1072 1385 victis
1102 1347 1254 1386 Volscis
1290 1355 1327 1386 et
1355 1348 1500 1398 Aequis

211 1425 230 1455 3
245 1414 457 1451 suffecerint
477 1414 624 1451 milites.
679 1413 797 1461 Quod
817 1426 936 1463 quum
957 1414 1006 1451 ab
1026 1414 1193 1463 antiquis
1213 1414 1368 1451 tacitum
1388 1426 1500 1464 prae-

245 1481 462 1518 termissum
497 1481 554 1525 sit,
582 1480 690 1517 cuius
720 1480 874 1517 tandem
904 1492 978 1529 ego
1007 1480 1059 1517 rei
1088 1487 1235 1529 praeter
1265 1479 1499 1529 opinionem,

245 1559 343 1596 quae
382 1558 450 1584 sua
487 1547 624 1595 cuique
668 1546 895 1584 coniectanti
935 1557 1017 1583 esse
1059 1552 1194 1595 potest,
1234 1552 1366 1583 auctor
1403 1546 1500 1582 sim?

212 1612 376 1650 4Simile
409 1613 486 1649 veri
524 1619 592 1657 est,
627 1619 690 1649 aut
725 1611 927 1649 intervallis
962 1611 1159 1655 bellorum,
1195 1612 1290 1649 sicut
1325 1623 1429 1649 nune
1462 1612 1501 1649 in

246 1677 444 1716 dilectibus
466 1678 505 1715 fit
528 1677 727 1724 Romanis,
751 1677 824 1715 alia
846 1684 959 1726 atque
984 1677 1056 1714 alia
1080 1677 1211 1714 subole
1237 1677 1427 1714 iuniorum
1453 1677 1502 1714 ad

246 1743 344 1780 bella
381 1743 627 1780 instauranda
666 1744 776 1781 toties
817 1754 908 1780 usos
943 1754 1037 1787 esse,
1075 1749 1138 1779 aut
1171 1754 1251 1779 non
1285 1754 1332 1779 ex
1366 1741 1502 1779 iisdem

247 1820 396 1858 semper
407 1809 557 1858 populis
573 1809 757 1846 exercitus
773 1809 944 1858 scriptos,
959 1819 1180 1857 quanquam
1197 1807 1331 1845 eadem
1347 1819 1501 1857 semper

215 1886 341 1923 5gens
375 1874 517 1911 bellum
551 1875 725 1920 intulerit,
757 1881 820 1912 aut
858 1873 1176 1911 innumerabilem
1215 1872 1501 1910 multitudinem

245 1940 453 2012 liberorum
467 1940 674 2008 capitum
691 1940 730 1977 in
768 1939 822 1977 eis
861 1938 976 1976 fusse
1015 1937 1119 1981 locis,
1155 1949 1253 1986 quae
1289 1950 1404 1983 nunc,
1439 1938 1500 1974 vix

204 2005 209 2009 '
247 1992 470 2043 seminario
489 1984 629 2053 exiguo
665 1993 848 2042 militurn
841 1951 1054 2048 Γῖᾐῐοῐοζ
1046 1989 1196 2040 servitia
1233 2002 1413 2040 Romana
1451 2003 1501 2040 ab

215 2070 447 2109 osolitudine
479 2070 683 2107 vindicant.
751 2069 895 2118 Ingens
934 2074 1047 2114 certe,
1087 2067 1192 2117 quod
1231 2068 1327 2105 inter
1364 2079 1501 2105 omnes

247 2143 420 2173 auctores
440 2136 652 2180 conveniat,
673 2146 895 2184 quanquam
916 2145 1039 2182 nuper
1065 2132 1216 2170 Camilli
1243 2133 1359 2170 ductu
1386 2138 1501 2181 atque

247 2201 415 2251 auspicio
441 2201 587 2238 accisae
614 2213 674 2237 res
701 2207 819 2245 erant,
840 2199 1075 2237 Volscorum
1105 2199 1292 2236 exercitus
1321 2197 1411 2243 fuit;
1451 2197 1501 2234 ad

224 2267 319 2303 -hoe
342 2266 359 2295 Ῐ
376 2266 466 2304 atini
483 2265 716 2315 Hernicique
736 2272 974 2303 accesserant
992 2270 1028 2302 et
1048 2263 1324 2302 Circeiensium
1343 2262 1500 2312 quidam
