1637 2554
370 161 521 194 RITES
547 161 655 194 ΛΝΒ
690 160 1026 194 CEREMOJWES.
1271 163 1323 205 99

75 277 188 321 atque
219 281 344 308 arcem
375 268 505 319 populi
533 267 698 305 Romani
720 268 758 304 in
788 279 827 304 re
860 267 1005 316 trepida
1036 274 1174 304 tutatus
1203 274 1419 312 esset;3.c.
1437 277 1526 305 ³90.

74 336 354 386 collegiumque
380 334 429 372 ad
448 345 533 372 eam
559 345 639 371 rem
664 332 719 370 M.
739 332 873 370 Furius
894 333 1054 370 dictator
1080 332 1323 370 constitueret

74 414 120 439 ex
141 402 205 446 eis,
226 401 288 450 qui
309 401 347 437 in
368 399 557 449 Capitolio
578 406 692 447 atque
712 410 799 435 arce
819 398 1042 435 habitarent.
1096 396 1321 447 Expiandae
1335 407 1353 438 5

74 467 188 504 etiam
218 466 321 504 vocis
357 472 577 509 nocturnae,
610 476 706 513 quae
741 464 873 501 nuntia
905 463 1023 500 cladis
1057 470 1144 500 ante
1182 462 1324 500 bellum

76 531 264 570 Gallicum
281 531 406 568 audita
425 529 674 580 neglectaque
694 536 803 574 esset,
821 529 964 566 mentio
978 528 1088 574 illata,
1102 529 1324 576 iussumque

73 597 259 646 templum
289 597 328 633 in
358 595 470 634 Nova
502 595 562 632 via
589 594 664 632 Aio
695 593 855 632 Locutio
885 594 971 631 fieri.
1027 594 1188 637 Aurum,
1217 592 1353 642 quod6

74 660 192 700 Gallis
211 668 383 711 ereptum
404 668 483 699 erat
503 660 684 710 quodque
705 671 751 697 ex
781 659 861 697 aliis
881 659 1030 709 templis
1049 660 1144 696 inter
1163 657 1325 707 trepida-

74 727 218 764 tionem
242 728 281 764 in
309 727 409 765 Iovis
431 726 566 764 cellam
595 725 787 770 collatum,
813 737 942 774 quum,
965 737 1042 774 quo
1067 724 1193 772 referri
1212 734 1326 772 opor-

74 799 176 838 teret,
199 791 357 830 confusa
385 792 568 829 memoria
597 798 709 837 esset,
736 803 886 829 sacrum
913 802 1027 828 omne
1056 790 1263 827 iudicatum
1289 794 1325 825 et

72 859 144 895 sub
165 857 266 895 Iovis
285 857 376 895 sella
406 857 497 906 poni
521 857 677 895 iussum.
734 856 820 894 Iam
844 863 931 893 ante
951 856 988 892 in
1013 868 1058 893 eo
1082 855 1212 904 religio
1237 853 1354 894 civi-7

74 923 158 960 tatis
180 929 415 973 apparuerat,
435 923 549 972 quod,
571 934 691 972 quum
712 923 749 959 in
771 922 923 971 publico
943 922 1091 959 deesset
1111 933 1255 966 aurum,
1277 933 1324 958 ex

73 1000 150 1038 quo
177 1000 327 1026 summa
349 995 482 1038 pactae
509 988 696 1026 mercedis
727 987 845 1025 Gallis
872 987 1064 1032 confieret,
1091 999 1114 1024 a
1143 986 1327 1024 matronis

73 1054 252 1091 collatum
273 1046 507 1104 acceperant,
521 1062 561 1092 ut
581 1067 690 1092 sacro
704 1067 795 1092 auro
816 1054 1076 1092 abstineretur.
1136 1053 1325 1092 Matronis

73 1120 215 1169 gratiae
244 1127 362 1165 actae,
391 1119 592 1170 honosque
621 1120 780 1165 additus,
811 1126 851 1157 ut
879 1132 1009 1157 earum
1040 1120 1133 1157 sicut
1159 1119 1323 1156 xirorum

72 1192 158 1234 post
182 1192 345 1222 mortem
369 1186 564 1223 sollemnis
586 1185 752 1223 laudatio
774 1192 883 1222 esset.
939 1185 1012 1222 His
1031 1185 1202 1234 peractis,
1223 1196 1321 1234 quae
1337 1188 1355 1218 8

73 1250 122 1287 ad
152 1250 246 1288 deos
277 1250 514 1299 pertinebant
544 1262 717 1300 quaeque
746 1263 812 1299 per
841 1258 1016 1287 senatum
1047 1250 1109 1299 agi
1138 1256 1324 1299 poterant,

73 1323 151 1352 tum
173 1315 339 1361 demum,
353 1315 583 1365 agitantibus
603 1316 761 1353 tribunis
784 1315 936 1365 plebem
957 1315 1116 1352 assiduis
1136 1314 1326 1352 contioni-

73 1381 155 1426 bus,
185 1386 226 1417 ut
257 1380 393 1418 relictis
424 1381 540 1419 ruinis
570 1382 608 1418 in
638 1381 772 1418 urbem
801 1388 973 1430 paratam
1001 1380 1121 1417 Veios
1149 1379 1325 1417 transmi-

73 1452 234 1495 grarent,
248 1446 287 1482 in
300 1446 519 1484 contionem
535 1447 711 1484 universo
725 1453 858 1483 senatu
877 1452 1131 1496 prosequente
1143 1444 1323 1484 escendit.

71 1517 184 1560 atque
205 1511 255 1548 ita
275 1511 389 1548 verba
407 1511 505 1549 fecit.

71 1644 79 1656 ‘
97 1639 180 1679 thy
197 1639 279 1671 have
298 1650 345 1672 we
360 1640 486 1682 fought
499 1640 563 1682 for
584 1651 605 1671 a
627 1641 692 1680 city
707 1640 813 1671 which
838 1651 885 1671 wc
907 1651 1002 1671 mean
1026 1645 1056 1671 lo
1079 1639 1208 1671 desert?
1258 1639 1324 1671 lec
1337 1639 1409 1673 Ch.
1429 1639 1487 1674 51.

150 1691 228 1733 gods
250 1692 331 1723 have
352 1692 465 1723 shown
487 1692 576 1723 their
589 1697 739 1733 presence
761 1692 800 1732 by
823 1692 986 1733 warning,
1005 1691 1233 1733 punishment,
1257 1692 1329 1722 and

156 1743 309 1774 reward.'

125 1826 255 1864 ‘Adeo
285 1826 376 1863 mihi
406 1827 567 1865 acerbae
598 1833 696 1873 sunt,
727 1826 904 1872 Quirites,
935 1827 1200 1864 contentiones
1234 1835 1354 1865 cum]

68 1892 226 1930 tribunis
249 1892 382 1942 plebis,
402 1900 443 1930 ut
471 1905 543 1930 nec
568 1893 767 1930 tristissimi
785 1892 905 1930 exsilii
930 1892 1108 1930 solatium
1133 1892 1235 1929 aliud
1258 1892 1323 1930 ha-

69 1958 227 2003 buerim,
247 1958 376 2008 quoad
394 1958 546 1995 Ardeae
566 1958 652 2003 vixi,
674 1970 792 2006 quam
812 1957 916 2007 quod
945 1958 1078 2007 procul
1097 1958 1146 1994 ab
1166 1957 1223 1995 his
1243 1970 1325 1996 cer-

67 2023 273 2060 taminibus
302 2035 418 2069 eram,
437 2029 475 2060 et
504 2023 556 2060 ob
590 2023 726 2060 eadem
752 2023 847 2060 haec
878 2035 968 2067 non,
991 2023 1019 2060 si
1045 2023 1181 2060 millies
1204 2024 1334 2078 senati-

67 2087 243 2126 consulto
279 2088 486 2138 populique
523 2088 629 2126 iussu
662 2088 898 2133 revocaretis,
929 2088 1114 2125 rediturus
1151 2101 1323 2138 unquam

67 2152 210 2190 fuerim.
267 2152 349 2191 Nec
373 2165 475 2190 nunc
503 2164 576 2199 me,
601 2160 642 2190 ut
662 2153 835 2199 redirem,
856 2165 944 2190 mea
964 2154 1139 2191 voluntas
1163 2162 1320 2200 mutata,
1338 2162 1357 2192 2

67 2217 134 2254 sed
154 2223 277 2255 vestra
292 2217 444 2256 fortuna
456 2218 618 2268 perpulit
633 2230 643 2263 ;
673 2219 826 2267 quippe,
842 2225 883 2254 ut
902 2218 942 2254 in
964 2230 1032 2256 sua
1049 2219 1138 2256 sede
1151 2228 1325 2258 maneret

66 2282 198 2331 patria,
218 2282 256 2320 id
289 2283 483 2332 agebatur,
517 2295 596 2321 non
629 2289 670 2320 ut
708 2296 781 2333 ego
811 2283 941 2333 utique
971 2284 1011 2320 in
1041 2285 1162 2334 patria
1189 2297 1324 2323 essem.

660 2360 685 2387 G
712 2361 730 2385 2
