1736 2521
364 151 445 194 194
715 144 844 186 LIVY,
875 143 1013 177 BOOK
1035 143 1115 175 VII.
1148 145 1298 189 19—21.

161 261 242 290 ac.
260 261 349 289 353.
362 261 452 301 tarn,
467 260 504 291 et
519 252 621 291 haud
638 251 752 289 dubie
774 251 1007 288 iuventutem
1023 249 1103 287 eius
1117 248 1248 300 populi
1264 248 1361 286 inter
1374 246 1620 297 praedatores

329 324 348 353 9
363 320 487 357 fuisse.
529 319 666 368 Itaque
682 316 877 354 Valerium
898 315 1108 362 consulem,
1126 314 1281 352 Volscis
1296 313 1515 364 oppositum
1537 323 1619 349 cas-

362 393 494 435 traque
524 385 573 421 ad
601 384 718 420 finem
744 381 1009 420 Tusculanum
1038 381 1258 427 habentem,
1286 387 1505 418 revocatum
1533 377 1620 415 inde

363 457 518 489 senatus
545 450 768 487 dictatorem
798 448 923 485 dicere
955 447 1074 485 iussit.
1131 446 1180 484 T.
1211 445 1403 482 Manlium
1432 443 1475 481 L.
1503 443 1621 480 filium

312 525 351 555 10
364 517 467 554 dixit.
526 515 565 552 Is
594 527 713 564 quum
749 514 821 551 sibi
860 513 1083 562 magistrum
1123 512 1293 561 equitum
1322 511 1369 548 A.
1400 509 1622 548 Cornelium

366 582 531 619 Cossum
546 580 714 624 dixisset,
733 578 923 616 consulari
937 578 1102 616 exercitu
1120 584 1323 615 contentus
1339 588 1386 612 ex
1402 574 1623 613 auctoritate

364 654 515 696 patrum
538 658 583 683 ac
606 644 738 694 populi
763 645 867 681 iussu
890 643 1102 681 Caeritibus
1124 642 1265 680 bellum
1286 641 1434 678 indixit.

199 733 269 765 Ch,
287 731 383 766 20,§
406 737 433 759 1.
464 728 495 758 T
491 727 529 757 lte
546 727 656 767 pcoplc
679 725 719 767 qf
738 726 845 762 Caere,
864 725 901 755 in
925 725 1044 759 alarm,
1061 725 1178 766 appeal
1197 728 1227 754 to
1244 724 1344 754 Rome
1364 733 1405 754 on
1421 723 1474 753 llic
1492 721 1628 762 ground

451 779 491 820 of
513 779 600 809 their
630 778 685 809 old
712 777 848 808 services
879 777 915 806 in
943 777 995 807 the
1023 776 1129 807 Gallie
1155 786 1239 813 war,
1294 775 1356 812 §8.
1381 774 1451 805 and
1472 778 1567 815 peace
1597 773 1625 803 is

447 830 592 871 granted
605 830 701 867 them,
719 829 789 860 and
802 840 822 859 a
839 828 996 869 truccfhr
1014 837 1073 859 100
1081 838 1191 867 years.
1263 829 1278 864 ξ
1297 837 1326 868 9.
1359 827 1391 857 T
1387 826 1424 857 lte
1445 830 1509 856 res!
1524 824 1626 866 oftlze

445 893 532 922 year
550 882 578 912 is
597 886 688 922 spent
712 881 748 911 iu
772 881 884 922 reperi)-
905 880 946 921 os
960 880 1055 910 walls
1077 880 1149 910 and
1167 884 1302 910 lower-s:
1326 878 1397 909 and
1415 889 1436 908 a
1459 877 1582 920 temple>
1597 876 1625 907 is

453 934 618 964 dedicated
630 938 660 964 lo
676 933 800 974 Apollo.

337 1001 353 1030 1
423 989 527 1026 Tum
553 990 720 1038 primum
748 988 928 1034 Caerites,
951 994 1134 1037 tanquam
1161 988 1200 1024 in
1226 987 1352 1024 verbis
1378 985 1545 1024 hostium
1571 983 1627 1021 vis

369 1055 490 1092 maior
518 1054 566 1091 ad
594 1054 735 1091 bellum
769 1053 1061 1102 significandum
1092 1066 1209 1103 quam
1239 1054 1278 1090 in
1308 1053 1384 1090 suis
1413 1051 1532 1098 factis,
1563 1050 1627 1099 qui

369 1133 435 1170 per
455 1120 742 1169 populationem
767 1118 967 1156 Romanos
997 1119 1250 1164 lacessierant,
1272 1125 1383 1165 esset,
1401 1129 1512 1154 verus
1541 1115 1627 1153 belli

369 1193 489 1223 terror
518 1185 664 1229 invasit,
684 1191 730 1228 et,
753 1196 870 1233 quam
899 1195 980 1220 non
1011 1196 1165 1221 suarum
1195 1184 1331 1221 virium
1358 1195 1403 1220 ea
1433 1180 1627 1219 dimicatio

337 1261 356 1292 2
371 1259 479 1297 esset,
503 1250 730 1295 cernebant;
762 1249 1057 1298 paenitebatque
1077 1249 1343 1298 populationis,
1365 1255 1402 1286 et
1422 1246 1627 1296 Tarquini—

371 1328 481 1354 enses
509 1316 808 1353 exsecrabantur
840 1314 1062 1352 desectionis
1092 1322 1288 1361 auctores;
1329 1327 1400 1351 nec
1431 1325 1537 1350 arma
1565 1317 1629 1348 aut
1668 1304 1670 1306 ¹

372 1381 514 1419 bellum
549 1381 752 1430 quisquam
792 1392 974 1429 apparare
1015 1380 1081 1416 sed
1116 1392 1265 1430 pr‘o-se¹
1287 1379 1449 1429 quisque
1483 1377 1629 1426 legatos

339 1459 357 1489 3
372 1447 466 1484 mitti
486 1446 642 1483 iubebat
658 1445 706 1482 ad
727 1445 933 1494 petendam
951 1446 1084 1482 erroris
1101 1445 1263 1482 veniam.
1302 1443 1437 1493 Legati
1454 1449 1628 1479 senatum

373 1523 491 1562 quum
519 1511 698 1557 adissent,
719 1511 767 1547 ab
795 1518 929 1547 senatu
955 1510 1079 1547 reiecti
1107 1510 1155 1547 ad
1185 1510 1370 1559 populum
1396 1509 1488 1546 deos
1518 1519 1630 1557 roga-

373 1584 518 1623 verunt,
556 1589 723 1626 quorum
766 1588 874 1613 sacra
913 1576 1012 1614 bello
1052 1576 1201 1614 Gallico
1240 1583 1397 1624 accepta
1434 1576 1503 1613 rite
1542 1586 1630 1624 pro-

376 1650 584 1690 curassent,
625 1651 665 1681 ut
704 1643 905 1681 Romanos
953 1643 1132 1680 florentes
1178 1655 1224 1679 ea
1267 1642 1325 1679 sui
1372 1640 1632 1679 misericordia

377 1716 539 1759 caperet,
561 1722 660 1759 quae
691 1722 730 1746 se
760 1709 871 1746 rebus
901 1708 1047 1745 affectis
1076 1708 1272 1757 quondam
1302 1707 1432 1756 populi
1463 1705 1631 1744 Romani

344 1777 561 1825 4cepisset;
600 1776 851 1824 conversique
886 1774 934 1811 ad
966 1773 1124 1811 delubra
1150 1773 1292 1810 Vestae
1327 1772 1536 1822 hospitium
1566 1772 1631 1808 fla-

375 1842 521 1878 minum
544 1841 833 1889 Vestaliumque
855 1840 904 1876 ab
924 1852 963 1877 se
987 1845 1089 1876 caste
1110 1851 1153 1876 ac
1174 1838 1347 1887 religiose
1369 1838 1510 1875 cultum
1526 1838 1632 1875 invo-

20 1932 21 1956 3
50 1901 113 1969 gr}
131 1904 271 1966 1¹3&ss
293 1904 360 1950 &⁸5
375 1908 539 1944 cabant:
571 1906 678 1943 Eane
706 1906 863 1942 meritos
890 1904 1061 1942 crederet
1088 1905 1291 1960 quisquam
1318 1903 1447 1941 hostes
1476 1909 1633 1952 repente

172 1979 176 1984 '
375 1973 456 2009 sine
477 1984 593 2009 causa
613 1971 758 2009 factos?
790 1978 865 2017 aut,
890 1971 919 2007 si
947 1970 1038 2020 quid
1059 1969 1243 2007 hostiliter
1263 1969 1449 2015 fecissent,
1472 1967 1633 2006 consilio

376 2038 414 2075 id
442 2038 566 2085 magis
595 2049 712 2086 quam
734 2036 859 2073 furore
886 2036 1015 2085 lapsos
1042 2035 1185 2080 secisse,
1207 2041 1248 2071 ut
1275 2046 1342 2071 sua
1368 2041 1493 2071 vetera
1519 2034 1633 2070 bene-

377 2103 471 2149 ficia,
495 2103 619 2140 locata
653 2102 874 2151 pracsertim
909 2101 1010 2150 apud
1039 2107 1119 2137 tam
1149 2107 1290 2148 gratos,
1320 2100 1428 2137 novis
1461 2110 1633 2136 corrum-

375 2175 508 2217 perent
546 2167 751 2213 maleficiis,
788 2167 1067 2216 florentemque
1104 2165 1290 2214 populum
1330 2164 1552 2202 Romanum
1591 2176 1635 2200 ac

377 2233 639 2270 felicissimum
669 2233 769 2269 bello
805 2233 874 2269 sibi
909 2232 1151 2269 desumerent
1181 2231 1341 2276 hostem,
1371 2231 1477 2267 cuius
1511 2229 1635 2266 afflicti

379 2299 585 2336 amicitiam
601 2298 806 2347 petissent?
860 2297 921 2334 Ne
939 2296 1172 2346 appellarent
1185 2296 1397 2342 consilium,
1412 2307 1509 2344 quae
1522 2295 1576 2331 vis
1592 2306 1635 2331 ac
