1736 2521
371 97 452 139 216
706 104 835 146 LJVY,
862 104 999 136 BOOK
1022 104 1101 136 Vll.
1121 108 1188 151 34,
1209 103 1278 151 35.

166 222 249 252 nc.
264 223 353 252 343.
368 211 514 248 vertice.
574 209 764 247 Samnites
783 209 875 246 dum
898 209 972 246 huc
1000 209 1087 247 illuc
1115 210 1226 259 signa
1245 217 1405 255 vertunt,
1426 209 1622 257 utriusque

336 275 422 313 9rei
456 275 595 312 amissa
628 275 842 319 occasione,
877 286 1001 323 neque
1035 275 1184 324 insequi
1217 274 1416 312 consulem
1450 274 1521 311 nisi
1554 285 1622 322 per

369 340 532 379 eandem
564 340 711 385 vallem,
742 340 781 376 in
808 351 884 388 qua
913 339 1028 388 paulo
1056 346 1142 376 ante
1173 340 1387 377 subiectum
1417 351 1506 376 eum
1538 338 1623 376 telis

370 406 446 443 suis
484 405 707 450 habuerant,
744 410 906 453 possunt
940 416 1012 441 nec
1045 404 1190 453 erigere
1224 416 1363 453 agmen
1397 405 1434 441 in
1465 410 1622 452 captum

317 479 355 509 10
369 483 481 520 super
502 482 540 507 se
561 471 609 507 ab
630 469 753 507 Decio
782 469 994 515 tumulum;
1024 469 1093 506 sed
1123 482 1242 519 quum
1261 470 1315 506 ira
1335 471 1374 507 in
1393 469 1465 506 hos
1485 469 1621 518 magis,

369 537 432 586 qui
447 535 636 573 fortunam
651 534 841 584 gerendae
858 535 908 571 rei
925 535 1148 583 eripuerant,
1170 542 1249 571 tum
1266 534 1529 584 propinquitas
1548 533 1622 571 loci

316 609 353 638 11
369 608 480 650 atque
512 601 592 650 ipsa
621 602 793 649 paucitas
823 599 961 643 incitat,
993 606 1028 636 et
1058 612 1159 636 nunc
1190 599 1425 637 circumdare
1454 599 1622 648 undique

369 666 505 703 collem
532 665 687 702 armatis
707 665 847 711 volunt,
871 672 912 701 ut
938 677 960 701 a
983 665 1140 702 consule
1168 663 1330 702 Decium
1358 664 1622 710 intercludant,

369 743 470 768 nunc
498 731 598 767 viam
627 717 851 779 patefacere
874 737 915 766 ut
945 729 1146 778 degressos
1177 730 1215 767 in
1235 730 1370 767 vallem
1391 730 1623 767 adoriantur

369 796 551 841 Incertos,
577 795 669 844 quid
698 803 864 843 agerent,
887 807 967 832 nox
998 795 1196 844 oppressit.
1256 795 1419 832 Decium
1456 795 1621 844 primum

314 866 353 895 12
369 873 455 910 spes
493 861 625 907 tenuit,
665 873 754 898 cum
793 860 1044 898 subeuntibus
1083 860 1120 896 in
1159 859 1362 897 adversum
1401 860 1537 898 collem
1574 871 1622 907 ex

368 927 558 975 superiore
578 926 663 964 loco
684 938 722 964 se
747 933 1032 975 pugnaturum3
1064 925 1201 963 deinde
1231 926 1430 963 admiratio
1458 926 1622 970 incessit,

368 991 471 1040 quod
491 1004 560 1028 nec
582 1003 752 1041 pugnam
774 991 909 1028 inirent
931 1003 1013 1037 nec,
1038 991 1067 1027 si
1090 991 1139 1027 ab
1160 1003 1206 1028 eo
1236 991 1397 1029 consilio
1427 991 1623 1041 iniquitate

315 1055 442 1093 131οοί
461 1056 746 1100 deterrerentur,
770 1068 882 1105 opere
911 1068 950 1094 se
971 1056 1147 1106 valloque
1170 1056 1458 1095 circumdarent.
1517 1055 1623 1092 Tum

367 1121 651 1158 centurionibus
681 1120 730 1157 ad
753 1132 793 1157 se
815 1122 980 1158 vocatis:
1012 1124 1019 1139 ‘
1040 1120 1244 1167 Quaenam
1274 1121 1336 1158 illa
1361 1121 1509 1158 inscitia
1535 1120 1622 1158 belli

367 1197 411 1222 ac
432 1185 581 1234 pigritia
600 1186 681 1222 est?
723 1193 785 1222 aut
806 1197 976 1234 quonam
1001 1187 1120 1224 modo
1147 1187 1207 1224 isti
1234 1199 1281 1224 ex
1305 1185 1480 1224 Sidicinis
1503 1185 1620 1223 Cam-

366 1251 552 1300 panisque
590 1251 785 1288 victoriam
820 1253 1078 1300 pepererunt?
1124 1251 1213 1289 Huc
1249 1259 1361 1301 atque
1395 1251 1481 1289 illuc
1513 1251 1623 1300 signa

367 1317 508 1353 moveri
538 1328 582 1353 ac
613 1316 731 1353 modo
761 1317 799 1352 in
830 1328 949 1353 unum
980 1317 1153 1363 conferri,
1176 1317 1297 1354 modo
1319 1317 1444 1354 diduci
1465 1317 1621 1362 videtis;

367 1393 465 1431 opus
496 1381 649 1431 quidem
684 1382 814 1430 incipit
850 1394 975 1427 nemo,
1011 1394 1128 1431 quum
1154 1383 1229 1419 iam
1269 1382 1492 1420 circumdati
1523 1381 1624 1420 vallo

315 1457 353 1487 14
368 1447 603 1496 potuerimus
631 1458 725 1484 esse.
785 1446 889 1483 Turn
920 1460 1008 1484 vero
1038 1459 1110 1484 nos
1140 1447 1281 1484 similes
1304 1447 1462 1484 istorum
1491 1447 1620 1494 simus,

370 1512 400 1549 si
439 1512 576 1549 diutius
614 1511 673 1548 hic
712 1524 917 1558 moremur,
955 1524 1071 1560 quam
1103 1511 1355 1550 commodum
1394 1512 1452 1549 sit.
1509 1511 1622 1560 Agite

367 1577 470 1622 dum,
501 1577 549 1614 ite
579 1589 742 1623 mecum,
775 1584 826 1622 ut,
856 1577 948 1613 dum
976 1577 1069 1614 lucis
1099 1576 1242 1625 aliquid
1271 1583 1453 1625 superest,
1484 1576 1622 1626 quibus

366 1643 458 1680 locis
478 1643 667 1691 praesidia
687 1650 843 1691 ponant,
861 1654 936 1691 qua
956 1648 1083 1690 pateat
1098 1641 1186 1678 hinc
1203 1642 1337 1685 exitus,
1353 1640 1621 1690 exploremus.'

314 1716 353 1746 15
369 1707 478 1745 Haec
501 1708 634 1755 omnia
663 1707 800 1756 sagulo
829 1706 971 1756 gregali
1006 1707 1177 1753 amictus,
1210 1706 1498 1743 centurionibus
1529 1706 1621 1743 item

306 1768 321 1785 ³
366 1759 660 1822 manipularium
681 1774 844 1810 militum
866 1772 995 1810 habitu
1022 1771 1154 1817 ductis,
1175 1784 1222 1810 ne
1251 1771 1391 1810 ducem
1422 1772 1621 1810 circumire

367 1839 496 1876 hostes
517 1846 704 1885 notarent,
728 1838 974 1887 perlustravit.

198 1936 269 1969 Ch,
287 1936 348 1969 35,
365 1935 412 1965 At
427 1934 479 1964 the
494 1934 608 1964 second
620 1934 724 1964 walch
741 1933 840 1975 oftlrc
856 1933 952 1974 night
967 1933 1090 1964 Decius
1106 1933 1185 1963 calls
1205 1936 1291 1974 upon
1313 1933 1366 1964 his
1386 1943 1459 1964 men
1480 1937 1511 1964 to
1529 1932 1624 1964 make

449 1995 470 2015 a
485 1986 580 2025 sally,
596 1985 666 2016 and
678 1985 729 2015 all
741 1989 877 2016 consent.

1354 2018 1481 2052 Μέζρ

334 2063 349 2091 1
418 2048 568 2098 Vigiliis
588 2049 724 2086 deinde
745 2048 946 2097 dispositis,
968 2049 1100 2086 ceteris
1123 2048 1303 2086 omnibus
1329 2055 1510 2086 tesseram
1539 2047 1619 2085 dari

364 2114 478 2159 iubet,
506 2115 572 2150 ubi
602 2114 793 2151 secundae
823 2113 969 2161 vigiliae
999 2109 1139 2161 bucina
1168 2114 1299 2151 datum
1328 2115 1479 2163 signum
1508 2120 1618 2158 esset,

332 2179 498 2216 2armati
529 2191 619 2216 cum
653 2179 801 2216 silentio
829 2179 878 2215 ad
907 2191 945 2216 se
974 2179 1231 2217 convenirent.
1290 2178 1381 2225 Quo
1414 2179 1491 2224 ubi,
1521 2179 1618 2215 sicut

363 2244 527 2282 edictum
557 2251 646 2290 erat,
668 2244 771 2282 taciti
800 2251 1070 2291 convenerunt,
1093 2244 1206 2282 ‘Hoc
1236 2244 1438 2291 silentium,
1459 2243 1617 2282 milites'
