1670 2532
295 152 349 194 70
658 150 787 191 JJVY,
813 150 949 182 BOOK
971 150 1009 182 V.
1036 152 1100 195 27,
1124 142 1190 184 28.

91 265 174 294 nnc
192 266 283 293 394.
297 255 473 293 scelestus
502 256 581 305 ipse
611 268 697 293 cum
727 256 888 294 scelesto
920 268 1078 294 munere
1106 256 1250 294 venisti.
1307 255 1431 294 Nobis
1464 267 1552 294 cum

265 308 722 371 6Fa1iscis‚qu{}{iiei6
751 321 791 358 fit
821 319 1002 367 humano,
1010 323 1209 359 societas
1214 324 1293 359 non
1323 328 1400 366 est;
1434 333 1552 371 quam

295 387 526 436 ingeneravit
566 395 698 424 natura
731 387 910 436 utrisque,
941 395 997 424 est
1033 388 1191 436 eritque.
1249 386 1345 424 Sunt
1382 394 1418 424 et
1451 386 1551 432 belli,

296 453 391 489 sicut
424 453 540 501 pacis,
570 452 660 497 iura,
691 452 863 501 iusteque
897 464 943 489 ea
974 464 1054 490 non
1091 453 1218 490 minus
1256 464 1373 502 quam
1410 451 1553 489 sortiter

265 517 497 555 7didicimus
533 529 675 567 gerere.
730 517 849 554 Arma
890 516 1075 555 habemus
1121 530 1200 555 non
1245 517 1424 555 adversus
1466 529 1552 554 eam

296 590 473 628 aetatem,
500 583 559 620 cui
590 583 705 619 etiarn
737 583 856 631 captis
887 583 1043 620 urbibus
1076 584 1249 632 parcitur,
1274 582 1341 620 sed
1375 582 1553 620 adversus

295 657 463 685 armatos
484 655 522 684 et
542 648 656 696 ipsos,
676 647 752 696 qui,
772 660 842 684 nec
863 647 952 684 laesi
973 660 1042 685 nec
1064 648 1222 685 lacessiti
1243 660 1265 685 a
1285 648 1408 693 nobis,
1428 654 1553 685 castra

266 724 284 753 8
300 713 479 750 Romana
506 712 554 750 ad
573 712 692 750 Veios
718 720 1001 761 oppugnarunt.
1054 713 1214 765 {Eos-m,
1235 722 1423 762 quantum
1452 713 1490 749 in
1516 721 1552 750 te

299 779 376 823 suit,
407 790 508 816 novo
546 777 687 815 scelere
719 778 859 823 vicisti;
905 790 978 827 ego
1010 778 1196 816 Romanis
1230 779 1382 824 artibus,
1407 778 1551 823 virtute,

267 855 424 893 sopere,
459 844 584 889 armis,
617 843 712 880 sicut
740 843 870 889 Veios,
899 844 1070 880 vincam!
1139 843 1385 881 Denudatum
1415 843 1552 880 deinde

297 921 397 953 eum,
419 909 598 946 manibus
626 915 713 958 post
738 915 887 957 tergum
914 908 1075 958 illigatis,
1095 909 1354 946 reducendum
1383 908 1552 946 Falerios

298 975 424 1024 pueris
453 974 613 1019 tradidit,
640 975 837 1022 virgasque
868 974 933 1018 eis,
959 975 1097 1023 quibus
1131 975 1363 1023 proditorem
1397 981 1553 1024 agerent

247 1047 286 1076 10
300 1041 337 1076 in
360 1040 496 1077 urbem
515 1040 766 1085 verberantes,
788 1039 901 1077 dedit.
957 1039 1019 1077 Ad
1046 1039 1150 1089 quod
1177 1039 1434 1089 spectaculum
1461 1037 1553 1076 con*-

298 1117 410 1143 cursu
435 1105 566 1154 populi
593 1105 757 1154 primum
783 1104 894 1150 sacto,
917 1104 1053 1142 deinde
1083 1117 1105 1141 a
1133 1105 1416 1154 magistratibus
1443 1105 1489 1142 de
1513 1117 1552 1142 re

297 1183 396 1208 nova
420 1178 556 1208 vocato
587 1178 730 1216 senatu,
757 1177 863 1207 tanta
888 1170 1048 1208 mutatio
1079 1171 1215 1208 animis
1244 1176 1300 1207 est
1323 1170 1472 1217 iniecta,
1499 1177 1552 1216 ut,

295 1237 362 1285 qui
391 1235 510 1273 modo
545 1235 690 1273 efferati
724 1235 814 1273 odio
847 1236 978 1285 iraque
1006 1235 1226 1273 Veientium
1256 1235 1399 1272 exitum
1430 1247 1553 1285 paene

297 1313 414 1351 quam
444 1301 698 1350 Capenatium
726 1313 861 1350 pacem
889 1301 1057 1345 mallent,
1081 1301 1182 1350 apud
1211 1312 1278 1338 eos
1307 1313 1441 1350 pacem
1469 1301 1554 1337 uni·
1603 1330 1606 1333 .

250 1380 288 1409 11
301 1379 406 1404 versa
426 1374 599 1416 posceret
618 1367 757 1404 civitas.
814 1366 929 1403 Fides
950 1365 1139 1411 Romana,
1160 1366 1298 1403 iustitia
1317 1366 1554 1416 imperatoris

300 1433 339 1470 in
359 1433 453 1477 foro,
475 1433 513 1468 in
532 1432 634 1469 curia
634 1432 917 1491 cele-orantum
947 1444 1214 1481 consensuque
1240 1432 1414 1469 omnium
1440 1431 1553 1481 legati

300 1497 349 1536 ad
365 1491 610 1536 Cffffiissfim
590 1510 629 1534 m
648 1504 769 1534 castra
784 1504 896 1546 atque
913 1497 1000 1534 inde
1016 1498 1200 1546 permissu
1218 1496 1367 1534 Camilli
1384 1496 1553 1534 Romam

250 1572 288 1603 12
301 1563 350 1600 ad
374 1571 565 1609 senatum,
586 1563 652 1613 qui
675 1562 858 1600 dederent
878 1562 1057 1608 Falerios,
1077 1562 1372 1612 proficiscuntur.
1429 1562 1554 1600 Intro-

300 1628 401 1666 ducti
422 1628 470 1665 ad
494 1636 669 1665 senatum
695 1629 746 1665 ita
773 1628 888 1665 locuti
912 1628 1131 1665 traduntur:
1164 1630 1172 1646 ‘
1187 1627 1316 1665 Patres
1335 1628 1553 1677 conscripti,

298 1694 463 1739 victoria
503 1694 563 1730 cui
608 1706 680 1731 nec
724 1693 818 1731 deus
863 1705 934 1731 nec
977 1693 1096 1730 horno
1133 1693 1336 1742 quisquam
1377 1693 1553 1738 invideat,

295 1760 381 1796 victi
420 1771 442 1795 a
472 1759 579 1796 vobis
617 1766 653 1796 et
691 1759 929 1818 imperatore
952 1766 1076 1796 vestro
1114 1758 1288 1795 dedimus
1324 1770 1397 1796 nos
1434 1759 1554 1804 vobis,

298 1824 379 1870 rati,
380 1810 591 1873 quonihil
609 1822 739 1861 victori
760 1823 950 1874 pulchrius
970 1831 1036 1869 est,
1056 1823 1192 1861 melius
1212 1835 1283 1860 nos
1304 1823 1402 1860 sub
1393 1823 1563 1873 imperio*

249 1901 287 1932 13
299 1897 424 1928 xestro
449 1902 566 1939 quam
592 1889 740 1939 legibus
766 1890 904 1927 nostris
928 1890 1104 1927 victuros.
1159 1888 1308 1926 Eventu
1329 1888 1440 1926 huius
1466 1889 1555 1926 belli

299 1955 377 1993 duo
403 1955 579 1993 salutaria
607 1954 783 2004 exempla
811 1954 959 2004 prodita
986 1954 1158 1992 humano
1183 1954 1313 2003 generi
1342 1961 1450 1991 sunt:
1489 1966 1556 1992 vos

301 2020 415 2058 fidem
443 2021 480 2056 in
507 2020 609 2058 bello
633 2032 750 2070 quam
776 2026 1015 2069 praesentem
1034 2019 1227 2057 victoriam
1247 2019 1454 2065 maluistis;
1484 2031 1556 2057 nos

250 2096 288 2125 14
303 2086 375 2123 fide
415 2086 606 2136 provocati
643 2085 838 2123 victoriam
874 2085 972 2123 ultro
1007 2085 1221 2122 detulimus.
1281 2083 1360 2122 Sub
1405 2084 1555 2122 dicione

300 2159 422 2189 vestra
450 2163 603 2196 sumus;
638 2151 784 2195 mittite,
805 2151 870 2200 qui
897 2162 1014 2195 arma,
1042 2150 1107 2199 qui
1136 2149 1300 2195 obsides,
1327 2150 1391 2199 qui
1420 2150 1552 2187 urberr.

248 2224 286 2254 15
300 2217 516 2266 patentibus
535 2216 653 2265 portis
673 2216 870 2264 accipiant.
921 2215 1004 2253 Nec
1023 2227 1090 2252 vos
1111 2215 1196 2252 fidei
1217 2221 1368 2252 nostrae
1387 2227 1458 2253 nec
1484 2227 1556 2255 nos

299 2283 444 2332 imperii
481 2282 590 2319 vestri
626 2281 854 2331 paenitebit.’
913 2280 1075 2319 Camillo
1107 2287 1144 2318 et
1177 2281 1226 2318 ab
1260 2279 1433 2318 hostibus
1465 2286 1502 2318 et
1532 2292 1559 2330 a

1071 2348 1076 2350 γ
1123 2343 1247 2348 ,ὴ-
1255 2341 1590 2360 ωψ-
