1637 2554
420 142 690 174 BLOCKADE
723 142 786 174 OF
809 142 1025 174 FALERJJ.
1298 137 1351 189 69

95 254 221 285 castra
245 259 325 293 sua,
345 259 445 297 quae
474 248 653 297 propiora
682 255 800 294 erant,
826 248 979 298 praelati
1003 248 1136 286 urbem
1167 255 1349 297 peterent.
1364 259 1445 287 ΒΩ.
1464 260 1552 287 394.

98 311 213 350 Multi
242 313 342 350 caesi
361 313 631 363 vulneratique,
651 314 875 363 priusquam
904 321 1087 364 paventes
1116 314 1234 363 portis
1257 313 1348 350 inci·
1362 319 1381 350 8

95 377 241 416 derent.
298 377 434 416 Castra
453 386 565 428 capta
580 392 590 426 ς
621 379 762 428 praeda
782 379 830 416 ad
849 387 1070 429 quaestores
1090 379 1241 416 redacta
1259 390 1348 416 cum

96 455 239 492 magna
267 443 427 481 militum
456 444 536 490 ira;
576 444 644 482 sed
673 445 868 482 severitate
897 445 1044 494 imperii
1072 445 1157 482 victi
1186 443 1348 482 eandem

96 509 270 546 virtutem
291 516 328 546 et
347 509 508 547 oderant
528 516 565 546 et
584 510 830 547 mirabantur.
888 509 1050 548 Obsidio
1079 510 1168 547 inde
1188 510 1292 547 urbis
1312 516 1349 546 et
1363 514 1381 543 9

97 574 341 618 munitiones,
361 581 398 611 et
418 574 609 612 interdum
638 587 705 624 per
733 575 976 613 occasionem
1005 576 1169 625 impetus
1188 574 1349 625 oppida·

97 650 236 677 norum
257 639 296 676 in
312 638 511 677 Romanas
532 641 712 677 stationes
739 640 959 690 proeliaque
980 653 1094 690 parva
1115 641 1206 685 fieri,
1227 647 1263 677 et
1282 640 1350 677 teri

97 711 260 753 tempus,
282 712 416 742 neutro
437 705 615 742 inclinata
641 718 720 754 spe,
739 718 860 755 quum
888 706 1119 744 frumentum
1141 706 1350 755 copiaeque

98 770 194 807 aliae
215 783 262 807 ex
282 777 370 808 ante
391 778 575 808 convecto
598 771 736 820 largius
756 772 923 809 obsessis
952 783 1068 821 quarn
1088 771 1351 809 obsidentibus

98 842 354 885 suppeterent.
399 835 688 885 Videbaturque
710 848 830 885 aeque
851 837 1048 874 diuturnus
1070 836 1214 874 futurus
1233 837 1350 881 labor,
1364 845 1404 875 10

98 913 142 938 ac
163 899 269 938 Veiis
300 900 440 947 fuisset,
467 901 505 937 ni
535 900 687 938 fortuna
715 902 934 951 imperatori
965 901 1146 939 Romano
1175 901 1287 938 simul
1315 907 1352 938 et

96 966 272 1014 cognitae
302 967 415 1003 rebus
444 966 586 1003 bellicis
606 966 751 1004 virtutis
780 967 976 1016 specimen
1003 974 1041 1005 et
1069 975 1260 1004 maturam
1278 966 1351 1004 vic-

98 1031 235 1068 toriam
265 1031 441 1069 dedisset.

100 1136 117 1171 ξ
143 1143 170 1167 1.
201 1136 232 1167 A
263 1136 487 1167 schoolmaster
506 1136 601 1177 from
632 1136 763 1167 Falerii
788 1136 913 1176 betrays
940 1147 1023 1168 some
1045 1146 1158 1177 young
1188 1136 1292 1167 nobles
1320 1141 1350 1168 to
1363 1136 1435 1169 Ch.
1452 1134 1513 1170 27.

188 1188 360 1226 Camillus,
390 1187 462 1218 wlzo
487 1188 579 1218 sends
609 1188 694 1218 them
722 1188 807 1219 back.
877 1191 893 1226 ξ
918 1197 965 1219 10.
997 1189 1029 1218 T
1024 1188 1062 1219 lze
1092 1188 1264 1219 Faliscum
1293 1198 1351 1218 are

185 1239 298 1270 moved
310 1240 348 1279 by
360 1239 423 1270 llzz's
437 1239 620 1280 gcnerosity
635 1244 665 1270 to
681 1239 867 1275 surrender,
880 1240 952 1270 and
961 1239 1124 1281 arefiued
1135 1249 1155 1270 a
1164 1238 1276 1279 ycar's
1283 1243 1352 1280 pay

173 1289 236 1330 for
250 1290 303 1322 the
317 1301 422 1330 army.

154 1364 245 1403 Mos
265 1373 344 1403 erat
365 1365 519 1403 Faliscis
544 1366 682 1403 eodem
708 1367 892 1415 magistro
918 1366 1123 1404 liberorum
1149 1373 1186 1403 et
1211 1367 1380 1405 comitel

98 1431 162 1477 uti,
184 1431 371 1480 simulque
398 1431 522 1480 plures
548 1432 664 1480 pueri,
684 1432 790 1480 quod
809 1431 921 1469 hodie
947 1444 1101 1481 quoque
1126 1432 1165 1468 in
1190 1431 1352 1469 Graecia

98 1503 239 1542 manet,
265 1497 377 1533 unius
410 1508 521 1534 curae
552 1497 893 1534 demandabantur.
950 1497 1170 1546 Principum
1203 1497 1352 1543 liberos,

97 1562 192 1600 sicut
212 1562 288 1599 fere
315 1562 366 1608 fit,
386 1562 450 1611 qui
480 1562 638 1599 scientia
663 1562 858 1599 videbatur
886 1562 1122 1611 praecellere,
1143 1562 1350 1600 erudiebat.

97 1626 137 1665 Is
154 1639 275 1676 quum
291 1627 329 1663 in
349 1639 442 1676 pace
462 1627 681 1664 instituisset
700 1639 839 1676 pueros
858 1634 945 1664 ante
964 1628 1097 1664 urbem
1118 1628 1221 1665 lusus
1241 1640 1350 1665 exer·
1362 1634 1381 1665 2

96 1692 284 1741 cendique
310 1704 425 1730 causa
449 1692 668 1741 producere,
689 1692 781 1729 nihil
806 1705 853 1730 eo
878 1705 985 1730 more
1008 1705 1076 1742 per
1095 1693 1183 1730 belli
1202 1700 1353 1742 tempus

97 1758 323 1803 intermisso,
356 1754 483 1810 [dum]
521 1758 640 1795 modo
677 1758 923 1803 brevioribus,
961 1758 1080 1796 modo
1119 1758 1354 1807 longioribus

96 1823 227 1873 spatiis
252 1822 439 1860 trahendo
465 1835 532 1860 eos
556 1835 579 1859 a
605 1830 724 1872 porta,
745 1824 828 1860 lusu
855 1824 1172 1873 sermonibusque
1192 1824 1353 1870 variatis,

97 1888 248 1938 longius
268 1888 390 1934 solito,
411 1889 475 1925 ubi
497 1900 556 1926 res
582 1889 695 1935 dedit,
715 1901 938 1939 progressus
964 1889 1061 1927 inter
1087 1890 1268 1927 stationes
1286 1902 1353 1928 eos

96 1953 262 1991 hostium
283 1960 480 2003 castraque
501 1954 589 1991 inde
611 1954 790 1992 Romana
815 1955 854 1991 in
880 1955 1112 2004 praetorium
1137 1955 1187 1992 ad
1206 1955 1352 1993 Camil-

96 2020 176 2057 lum
195 2019 380 2069 perduxit.
419 2019 478 2056 Ibi
498 2020 658 2057 scelesto
677 2020 835 2057 facinori
855 2020 1110 2058 scelestiorem
1131 2031 1380 2063 sermonem3

95 2085 212 2130 addit,
236 2084 405 2122 Falerios
433 2097 473 2122 se
502 2085 541 2121 in
569 2097 706 2122 manus
739 2085 926 2123 Romanis
957 2086 1166 2133 tradidisse,
1193 2087 1381 2135 quand04

94 2162 163 2187 eos
199 2141 349 2199 pueros,
379 2162 545 2199 quorum
581 2157 756 2200 parentes
792 2151 916 2200 capita
952 2151 1005 2189 ibi
1037 2164 1163 2189 rerum
1196 2152 1282 2198 sint,
1311 2153 1351 2189 in

89 2221 324 2276 [potestatem
352 2215 545 2253 dediderit.
602 2215 714 2262 Quae
743 2216 809 2266 ubi
838 2215 1023 2254 Camillus
1055 2217 1196 2254 audivit
1236 2217 1380 2256 ‘Non5

1113 2248 1408 2273 κύ

120 2280 146 2318 d
174 2279 358 2319 similem'
393 2281 516 2332 inquit
551 2281 624 2318 ‘tui
656 2293 727 2319 nec
758 2281 944 2331 populum
976 2294 1048 2320 nec
1081 2282 1134 2320 im
1161 2290 1350 2321 eratorem
