1637 2554
296 122 342 155 A.
368 120 645 154 CORNELIUS
676 119 850 152 COSSUS
875 118 1141 151 DICTATOR.
1263 119 1340 159 127

87 228 307 266 Romanam
326 234 363 265 et
382 227 474 264 istos
496 226 722 263 incubantes
744 225 904 274 publicis
926 223 1111 262 thesauris
1131 236 1178 260 ex
1200 223 1344 272 praeda
1359 230 1442 258 ΒΩ.
1459 230 1546 258 385.

86 293 326 331 clandestina
351 280 518 329 bibitus.
576 290 694 336 Quod
723 291 795 327 nisi
821 289 924 336 facis,
955 290 1030 326 sive
1060 296 1099 326 ut
1129 296 1166 326 et
1195 289 1275 337 ipse
1306 288 1376 324 in6

85 366 192 409 parte
213 357 376 407 praedae
397 357 458 403 sis,
481 357 557 394 sive
578 356 667 405 quia
687 368 827 392 vanum
855 355 1038 392 indicium
1065 361 1132 400 est,
1159 355 1197 391 in
1224 353 1345 390 vincla

86 433 122 462 te
142 424 230 462 duci
250 423 391 460 iubebo
412 434 483 459 nec
504 421 642 459 diutius
663 422 794 470 patiar,
819 433 840 457 a
861 427 897 458 te
922 420 1201 457 multitudinem
1224 418 1345 456 fallaci

87 502 153 540 spe
180 487 385 527 concitari.'
444 487 506 525 Ad
532 499 577 524 ea
602 486 772 523 Manlius
801 499 872 524 nec
901 499 941 524 se
971 485 1144 523 fefellisse
1173 485 1234 531 ait,
1267 492 1378 524 non?

86 555 266 593 adversus
286 552 462 599 Volscos,
484 553 595 590 toties
617 551 756 598 hostes,
783 552 933 601 quoties
959 551 1129 600 patribus
1156 550 1345 599 expediat,

87 631 157 656 nec
178 618 355 656 adversus
379 618 536 655 Latinos
561 617 843 666 Hernicosque,
871 629 968 666 quos
995 616 1099 653 falsis
1126 615 1348 653 criminibus

87 684 126 721 in
147 696 252 721 arma
271 690 398 733 agant,
419 683 485 721 sed
507 683 688 720 adversus
709 695 747 719 se
773 695 817 720 ac
845 683 995 732 plebem
1022 681 1242 719 Romanam
1269 676 1347 717 'die-

88 757 249 787 tatorem
269 756 436 786 creatum
457 761 564 795 esse3
596 749 672 785 iam
701 749 844 786 omisso
873 748 985 794 bello,
1006 748 1111 796 quod
1132 746 1348 784 simulatum
1362 750 1380 779 8

89 815 146 860 sit,
173 815 212 852 in
242 826 281 852 Se
293 815 496 880 impetum
526 814 627 859 fieri;
666 814 743 851 iam
774 814 996 851 dictatorem
1027 814 1194 862 piofiteri
1223 819 1349 861 patro-

88 880 230 917 cinium
257 867 513 917 feneratorum
540 880 720 917 adversus
746 879 923 928 plebem;
954 880 1028 916 iam
1055 879 1123 916 sibi
1151 891 1196 916 ex
1221 878 1284 915 sav
1287 889 1351 915 ore

89 945 339 983 multitudinis
387 945 532 982 crimen
579 953 615 982 et
662 946 870 994 perniciem
919 945 1058 994 quaeri.
1133 941 1349 982 ‘offendit’
1365 940 1445 975 Os·¹

90 1011 222 1061 inquit,
241 1013 308 1056 ‘te‚
325 1006 372 1048 Α.
388 1010 554 1055 Corneli,
573 1023 727 1060 vosque,
746 1018 873 1060 patres
889 1011 1105 1059 conscripti,
1123 1008 1352 1047 circumfusa

89 1077 200 1113 turba
220 1076 326 1113 lateri
336 1088 454 1142 {ileo
447 1077 490 1131 Ρ.
509 1075 623 1147 Quin
644 1089 728 1114 eam
751 1077 926 1117 diducitis
946 1088 968 1112 a
988 1088 1049 1113 me
1066 1075 1203 1124 singuli
1223 1074 1353 1112 vestris

91 1141 296 1188 beneficiis,
319 1120 606 1187 intercedendo
625 1142 830 1180 eximendo
859 1142 905 1179 de
932 1154 1048 1179 nervo
1075 1142 1174 1179 cives
1198 1147 1354 1183 vestros,

92 1206 334 1256 prohibendo
355 1207 542 1244 iudicatos
567 1207 814 1255 addictosque
840 1207 938 1252 duci,
960 1220 1007 1244 ex
1031 1219 1090 1254 eo,
1114 1206 1219 1256 quod
1240 1205 1355 1242 affluit

92 1271 229 1320 opibus
249 1271 391 1317 vestris,
411 1270 635 1308 sustinendo
657 1271 901 1308 necessitates
922 1271 1193 1337 aliorQ
1171 1270 1244 1308 Sed
1257 1267 1357 1318 quid
1371 1272 1412 1301 10

94 1348 170 1385 ego
196 1347 276 1380 vos,
298 1335 345 1373 de
373 1342 495 1373 vestro
522 1336 760 1385 impendatis,
781 1336 938 1374 hortor?
999 1332 1149 1374 Sortem
1159 1324 1358 1384 reliquam

95 1400 207 1447 serte;
238 1401 285 1438 de
305 1402 429 1451 capite
450 1401 635 1447 deducite,
663 1402 768 1451 quod
792 1402 914 1439 usuris
942 1408 1253 1451 pernumeratum
1278 1406 1358 1444 est3

95 1467 173 1503 iam
207 1465 326 1503 nihilo
356 1478 443 1503 mea
471 1467 582 1504 turba
612 1479 728 1516 quam
757 1467 868 1504 ullius
902 1467 1144 1516 conspectior
1172 1466 1251 1503 erit.
1309 1465 1360 1501 At

96 1531 199 1568 enim
236 1532 329 1581 quid
372 1533 425 1569 ita
463 1533 566 1570 solus
604 1546 678 1582 ego
718 1534 856 1571 civium
896 1546 1026 1571 curam
1061 1534 1162 1582 ago?
1230 1530 1360 1568 Nihilo
1376 1534 1414 1564 11

96 1597 233 1644 magis,
264 1597 371 1646 quod
400 1598 668 1647 respondeam,
699 1598 834 1645 habeo,
865 1596 982 1648 quiam
1011 1599 1041 1635 si
1070 1609 1242 1647 quaeras,
1269 1595 1362 1645 quid

97 1666 149 1701 ita
177 1661 279 1698 solus
307 1661 539 1711 Capitolium
565 1675 770 1712 arcemque
800 1664 1036 1701 servaverim.
1094 1663 1143 1699 Et
1173 1670 1252 1699 turn
1280 1661 1362 1698 uni-

98 1727 225 1772 versis,
260 1739 378 1777 quam
416 1729 534 1777 potui,
569 1741 686 1778 opem
725 1729 791 1765 tuli
830 1736 866 1766 et
901 1741 1004 1766 nunc
1039 1728 1199 1775 singulis
1233 1727 1362 1764 feram.

99 1791 203 1829 Nam
241 1793 347 1841 quod
385 1793 434 1830 ad
472 1793 670 1831 thesauros
711 1793 883 1832 Gallicos
922 1794 1066 1837 attinet,
1105 1805 1187 1830 rem
1231 1799 1365 1841 suapte
1381 1801 1418 1831 12

100 1864 238 1894 natura
281 1856 433 1895 facilem
471 1857 664 1895 difficilem
702 1860 949 1908 interrogatio
988 1859 1088 1897 facit.
1147 1859 1226 1896 Cur
1263 1858 1367 1895 enim

101 1922 291 1971 quaeritis,
311 1923 418 1971 quod
438 1923 569 1960 scitis?
600 1936 677 1970 cur,
701 1924 808 1973 quod
831 1913 1138 1976 inss‘sssi'rsu've'sjfr‘&
1154 1930 1221 1969 est,
1243 1923 1367 1959 excuti

102 1987 239 2024 iubetis
271 1987 410 2036 potius,
445 2000 563 2037 quam
600 1989 765 2038 ponatis,
799 1989 872 2026 nisi
910 1989 1036 2038 aliqua
1056 1984 1171 2026 “fraus
1211 1988 1420 2028 subest?13

104 2051 198 2098 Quo
217 2053 341 2101 magis
361 2054 470 2102 argui
490 2055 713 2103 praestigias
733 2055 870 2092 iubetis
889 2061 1045 2100 vestras,
1061 2067 1109 2092 eo
1124 2054 1209 2102 plus
1223 2065 1366 2099 vereor,

104 2130 154 2154 ne
186 2118 414 2155 abstuleritis
444 2119 736 2157 observantibus
770 2120 885 2157 etiam
915 2120 1061 2158 oculos.
1119 2119 1254 2168 Itaque
1287 2131 1369 2156 non

106 2194 180 2231 ego
202 2183 320 2228 vobis,
341 2189 383 2220 ut
405 2183 572 2221 indicem
596 2185 757 2233 praedas
782 2192 939 2232 vestras,
962 2185 1029 2222 sed
1053 2197 1121 2223 vos
1144 2185 1183 2222 id
1203 2183 1368 2233 cogendi

107 2247 208 2293 estis,
228 2254 269 2284 ut
289 2248 329 2284 in
349 2248 521 2285 medium
541 2248 764 2298 proferatis.'
