1670 2532
286 90 340 139 48
648 99 776 142 LJVY,
806 99 943 132 BOOK
965 100 1003 133 V.
1030 104 1091 140 11,
1117 103 1182 133 12.

82 207 164 235 EC·
181 205 422 254 401·trepidi
451 217 577 243 rerum
607 217 774 249 suarum,
805 205 843 242 in
869 204 1044 255 Sergium
1066 205 1101 240 V
1104 205 1382 255 erginiumque,
1403 205 1538 255 prioris

59 271 67 274 ’
285 270 373 307 anni
412 271 585 308 tribunos
624 271 816 314 militares,
855 270 1078 317 incurrunt;
1121 271 1159 308 in
1188 282 1254 308 eos
1286 271 1335 307 ab
1369 282 1408 307 se
1442 271 1537 308 iram

251 335 404 384 5plebis
434 336 690 386 invidiamque
720 335 780 372 die
811 335 912 372 dicta
941 343 1126 373 avertunt.
1184 335 1335 381 Quibus
1365 335 1535 381 dilectus,

156 452 158 454 v
283 401 421 450 quibus
449 401 643 446 tributum,
673 401 809 449 quibus
839 400 986 438 diutina
1023 401 1158 438 militia
1197 401 1535 451 longinquitasque

151 460 193 467 '⁸'
214 460 226 465 ⁸
244 457 261 467 f
284 466 371 503 belli
401 466 445 503 sit
475 466 610 515 gravis,
641 466 705 515 qui
730 465 837 502 clade
867 473 1025 514 accepta
1054 465 1102 503 ad
1126 465 1244 503 Veios
1274 465 1441 511 doleant,
1471 466 1536 516 qui

284 532 431 568 amissis
469 531 604 576 liberis,
644 530 830 575 fratribus,
865 531 1102 580 propinquis,
1138 531 1315 568 affinibus
1354 530 1535 579 lugubres

284 596 421 634 domos
449 595 626 640 habeant,
648 596 692 632 iis
721 595 865 644 publici
894 596 1104 645 privatique
1133 595 1274 633 doloris
1298 596 1536 646 exsequendi

284 662 341 698 ius
361 668 665 711 potestatemque
685 673 732 697 ex
754 660 904 698 duobus
925 661 1048 698 noxiis
1070 661 1256 710 capitibus
1276 661 1405 698 datam
1425 663 1474 698 ab
1494 673 1535 699 se

251 731 270 760 6
285 732 510 764 memorant.
567 724 751 763 Omnium
780 737 948 775 namque
978 726 1167 763 malorum
1187 727 1226 762 in
1248 725 1382 775 Sergio
1400 725 1535 775 Vergi-

283 791 424 841 nioque
456 802 591 828 causas
624 803 728 836 esse;
763 803 834 828 nec
869 791 906 828 id
931 799 1192 829 accusatorem
1223 792 1347 840 magis
1377 803 1535 840 arguere

285 868 402 906 quam
421 855 525 893 fateri
545 867 641 901 reos,
665 856 729 905 qui
750 857 854 893 noxii
877 857 991 893 ambo
1012 856 1104 893 alter
1125 857 1162 892 in
1188 856 1346 893 alterurn
1377 867 1534 894 causam

285 921 493 967 conserant,
523 921 653 970 sugam
686 921 804 971 Sergii
837 921 1053 971 Verginius,
1092 921 1244 970 Sergius
1280 921 1535 970 proditionem

252 993 269 1025 7
286 988 486 1036 increpans
498 986 680 1036 Verginii.
726 986 901 1033 Quorum
923 987 1020 1025 adeo
1045 987 1305 1025 incredibilem
1327 987 1534 1024 amentiam

285 1052 408 1098 fuisse,
437 1059 478 1089 ut
507 1052 626 1089 multo
651 1053 729 1089 veri
757 1053 913 1090 similius
944 1053 1001 1099 sit,
1033 1060 1237 1102 compecto
1273 1065 1359 1090 eam
1387 1065 1468 1090 rem
1499 1059 1535 1089 et

251 1118 480 1155 &communi
520 1117 649 1154 fraude
687 1118 931 1166 patriciorum
971 1126 1106 1156 actam.
1162 1119 1224 1155 Ab
1262 1118 1319 1155 his
1356 1125 1393 1155 et
1431 1118 1535 1167 prius

284 1183 416 1220 datum
444 1183 572 1220 locum
596 1181 822 1220 Veientibus
852 1183 900 1220 ad
930 1183 1170 1221 incendenda
1199 1195 1316 1232 opera
1345 1183 1432 1220 belli
1462 1179 1549 1220 tra->

284 1247 398 1286 hendi
425 1259 550 1293 causa,
571 1255 608 1285 et
631 1260 733 1285 nunc
762 1248 954 1297 proditum
980 1249 1200 1294 exercitum,
1222 1248 1357 1285 tradita
1378 1247 1535 1285 Faliscis

251 1313 464 1351 9Romana
495 1320 627 1351 castra.
684 1313 826 1351 Omnia
860 1314 950 1359 fieri,
986 1322 1026 1351 ut
1061 1321 1310 1352 consenescat
1339 1313 1387 1350 ad
1416 1312 1536 1350 Veios

284 1379 468 1423 iuventus,
489 1391 560 1416 nec
581 1378 627 1415 de
648 1379 748 1427 agris
767 1391 838 1416 nec
858 1379 905 1416 de
933 1380 1015 1417 aliis
1045 1379 1259 1417 commodis
1289 1379 1411 1428 plebis
1440 1378 1535 1416 ferre

283 1444 332 1481 ad
362 1443 548 1493 populum
578 1445 719 1481 tribuni
754 1443 1040 1494 frequentiaque
1075 1446 1222 1482 urbana
1251 1444 1440 1482 celebrare
1470 1455 1534 1481 ac-

230 1514 269 1543 10
283 1510 405 1548 tiones
421 1517 456 1547 et
472 1510 641 1547 resistere
659 1511 933 1559 conspirationi
954 1510 1198 1559 patriciorum
1219 1509 1375 1558 possint.
1420 1508 1535 1546 Prae-

282 1575 464 1613 iudicium
494 1575 571 1612 iam
592 1575 638 1612 de
659 1575 731 1612 reis
757 1583 793 1612 et
814 1576 862 1612 ab
890 1583 1021 1612 senatu
1047 1582 1084 1612 et
1110 1575 1158 1612 ab
1187 1574 1332 1623 populo
1354 1573 1535 1611 Romano

229 1643 268 1672 11
283 1645 318 1675 et
338 1639 387 1675 ab
410 1639 581 1687 ipsorum
607 1638 762 1686 collegis
788 1637 931 1675 factum
955 1649 1058 1680 esse;
1090 1649 1180 1673 nam
1201 1644 1237 1674 et
1262 1643 1415 1673 senatus
1442 1647 1534 1673 con-

285 1703 385 1741 sulto
431 1715 498 1741 eos
545 1704 594 1740 ab
637 1716 675 1740 re
715 1703 869 1752 publica
906 1711 1075 1740 remotos
1113 1714 1208 1747 esse,
1242 1708 1279 1739 et
1317 1707 1536 1738 recusantes

284 1769 461 1807 abdicare
481 1781 522 1806 se
542 1769 766 1817 magistratu
783 1768 975 1806 dictatoris
991 1775 1094 1805 metu
1110 1768 1159 1804 ab
1174 1766 1330 1815 collegis
1350 1766 1535 1804 coercitos

285 1847 380 1881 esse,
411 1842 447 1872 et
479 1834 666 1884 populum
700 1833 922 1871 Romanurn
956 1834 1128 1870 tribunos
1167 1844 1328 1878 creasse,
1362 1831 1427 1880 qui
1456 1843 1535 1868 non

285 1900 408 1938 idibus
437 1899 728 1944 Decembribus,
749 1898 811 1936 die
841 1898 1027 1943 sollemni,
1049 1897 1117 1936 sed
1140 1896 1334 1946 externplo
1364 1896 1534 1934 calendis

288 1965 522 2003 Octobribus
542 1965 808 2013 magistratum
836 1964 1068 2013 occiperent,
1089 1963 1178 2012 quia
1201 1970 1298 1999 stare
1319 1961 1457 1999 diutius
1477 1974 1537 2000 res

233 2042 272 2072 12
286 2031 437 2080 publica
455 2031 512 2067 his
528 2030 771 2067 manentibus
786 2029 824 2065 in
844 2029 1066 2078 magistratu
1081 2040 1159 2066 non
1176 2034 1328 2077 posset;
1352 2034 1389 2064 et
1407 2034 1536 2063 tamen

287 2108 365 2140 eos,
403 2103 457 2133 tot
496 2095 642 2132 iudiciis
681 2093 883 2132 confossos
913 2093 1296 2143 praedamnatosque,
1326 2093 1452 2129 venire
1487 2091 1537 2128 ad

287 2161 418 2210 populi
446 2161 627 2197 iudicium
656 2167 694 2197 et
723 2160 950 2205 existimare,
971 2158 1169 2202 defunctos
1195 2170 1236 2195 se
1256 2170 1340 2196 esse
1370 2158 1537 2207 satisque

288 2237 498 2276 poenarum
532 2225 690 2269 dedisse,
719 2224 824 2274 quod
859 2224 1009 2262 duobus
1036 2223 1235 2262 mensibus
1261 2223 1372 2261 citius
1402 2222 1538 2272 privati
