1637 2554
355 134 616 167 VICTORIES
644 133 774 166 OVER
805 131 1072 164 SAMNITES.
1258 133 1338 175 219

85 249 287 293 gratesque
320 250 450 293 agunt,
484 241 648 280 Decium
681 241 720 278 in
752 239 899 278 caelum
933 238 1067 276 ferunt.
1124 237 1201 275 Hic
1231 236 1338 273 Decii
1352 243 1436 271 nc.
1450 243 1539 270 343.

85 309 287 347 castrensis
307 307 519 358 triumphus
540 307 618 352 fuit,
639 305 850 343 incedentis
875 317 942 354 per
963 303 1089 341 media
1110 310 1232 340 castra
1251 314 1338 339 cum
1353 292 1371 322 8

86 382 232 412 armato
251 374 450 423 praesidio,
465 373 648 411 coniectis
668 372 707 408 in
728 383 816 409 eum
838 370 1012 407 omniurn
1032 368 1166 414 oculis,
1180 375 1216 405 et
1231 368 1338 405 omni

86 439 233 478 honore
249 440 442 476 tribunum
463 438 609 476 consuli
630 437 894 486 aequantibus.
942 434 1019 472 Ubi
1041 433 1087 470 ad
1108 433 1337 483 praetorium
1352 438 1370 468 9

85 511 240 542 ventum
260 511 326 549 est,
347 503 479 542 consul
503 503 661 540 classico
682 501 730 538 ad
750 501 972 538 contionem
993 505 1190 544 convocat,
1211 510 1339 535 orsus-

85 581 159 619 que
194 569 345 606 meritas
379 568 488 606 Decii
522 567 661 612 laudes,
697 566 896 603 interfante
931 565 1015 614 ipso
1046 563 1168 602 Decio
1200 563 1339 601 distulit
1357 555 1515 597 ολὲν·”··’
1528 567 1545 580 ”

85 635 329 680 contionem;
361 634 425 683 qui
454 640 588 670 auctor
615 632 745 669 omnia
776 630 1042 681 posthabendi,
1072 629 1163 667 dum
1187 629 1338 667 occasio
1354 632 1394 662 lO

85 701 124 737 in
144 700 320 736 manibus
341 706 450 767 essse}
472 697 636 747 perpulit
658 697 925 745 consulem-ut
945 696 970 733 h
999 702 1130 768 §tw
1150 701 1340 753 nocturno

85 776 228 815 pavore
266 747 449 801 atib‘iiitsss
483 771 519 800 et
554 764 653 800 circa
693 762 831 800 collem
868 708 1097 800 ffisssssa‘tim
1131 746 1340 809 'dissipatos

85 830 374 880 aggrederetur:
417 829 567 866 credere
598 829 725 873 etiam,
756 829 904 878 aliquos
939 827 987 864 ad
1026 839 1065 863 se
1100 826 1339 876 sequendum

85 896 244 933 emissos
264 907 333 944 per
352 894 490 932 saltum
510 894 651 942 vagari.
711 893 842 930 Iussae
870 893 1042 943 legiones
1063 904 1170 929 arma
1191 903 1338 941 capere,
1355 899 1394 928 11

87 971 339 1010 egressaeque
371 959 511 1002 castris,
548 970 669 1007 quum
700 971 768 1007 per
803 957 1063 1008 exploratores
1101 957 1226 994 notior
1263 956 1340 993 iam

86 1027 203 1065 saltus
237 1032 347 1070 esset,
378 1025 438 1060 via
470 1024 682 1073 patentiore
711 1023 759 1060 ad
789 1022 937 1061 hostem
971 1022 1184 1068 ducuntur;
1225 1034 1341 1071 quem
1356 1025 1395 1056 12

86 1093 283 1130 incautum
311 1090 516 1140 improw'so
544 1089 708 1135 adortae,
729 1101 849 1139 quum
878 1089 993 1138 palati
1021 1089 1163 1138 passim
1192 1087 1341 1125 Samni-

86 1158 179 1195 tium
209 1157 358 1202 milites,
392 1155 564 1205 plerique
595 1155 770 1200 inermes,
808 1167 880 1192 nec
912 1155 1014 1191 coire
1045 1155 1085 1191 in
1115 1166 1236 1191 unum
1269 1164 1341 1190 nee

87 1235 193 1260 arma
212 1234 350 1272 capere
380 1234 453 1259 nec
473 1221 643 1270 recipere
663 1221 761 1257 intra
781 1220 923 1257 vallum
944 1232 982 1257 se
1009 1226 1177 1269 possent,
1197 1230 1342 1267 paven-

87 1297 164 1326 tem
184 1288 351 1338 primum
369 1288 410 1324 in
433 1294 554 1324 castra
577 1286 824 1336 compellunt,
846 1285 984 1323 deinde
1007 1293 1129 1323 castra
1149 1285 1244 1334 ipsa,
1264 1291 1340 1321 tur-

87 1354 184 1392 batis
213 1353 450 1398 stationibus,
472 1353 639 1402 capiunt.
697 1351 888 1389 Perfertur
913 1351 1015 1389 circa
1039 1350 1177 1388 collem
1196 1350 1342 1387 clamor
1354 1353 1393 1384 13

86 1419 269 1469 fugatque
290 1431 338 1456 ex
354 1419 431 1456 suis
444 1430 638 1469 quemque
659 1417 867 1467 praesidiis.
925 1417 984 1453 Ita
1003 1428 1146 1465 magna
1162 1428 1252 1465 pars
1271 1416 1339 1453 ab-

88 1486 184 1524 senti
210 1485 310 1523 hosti
329 1485 441 1522 cessit
456 1497 465 1530 ;
497 1496 596 1534 quos
623 1484 720 1520 intra
744 1482 885 1520 vallum
915 1488 1044 1531 egerat
1073 1493 1193 1531 pavor
1220 1480 1341 1531 (fuere

88 1557 218 1589 autem
237 1550 286 1588 ad
305 1551 459 1600 triginta
481 1548 626 1600 millia),
648 1561 784 1586 omnes
805 1548 928 1595 caesi;
959 1553 1082 1584 castra
1102 1546 1259 1596 direpta.

91 1675 107 1711 ξ
124 1681 150 1703 Ι.
174 1673 298 1704 Decius
308 1673 380 1703 and
391 1673 445 1703 his
459 1683 533 1703 men
549 1672 668 1703 receive
682 1671 802 1712 special
810 1670 962 1700 honours.
1032 1669 1048 1705 ξ
1064 1679 1094 1708 4.
1117 1668 1149 1698 T
1144 1667 1182 1698 lle
1194 1666 1344 1698 Samnite
1357 1662 1430 1696 Ch.
1446 1662 1507 1698 37.

174 1736 272 1765 army
288 1725 408 1756 routed
423 1725 462 1764 by
485 1724 638 1754 Valerius
652 1727 792 1764 prepare
803 1721 865 1763 sor
886 1731 906 1751 a
927 1721 991 1751 last
1011 1719 1102 1762 qffort
1123 1723 1160 1749 at
1179 1718 1345 1755 Suessula,

174 1777 246 1808 and
273 1777 426 1808 Valerius
455 1777 587 1817 rapt'dly
614 1775 758 1805 marshes
788 1773 915 1804 thither
939 1772 1010 1802 and
1036 1770 1177 1811 occupics
1201 1780 1222 1801 a
1249 1769 1350 1800 small

168 1829 323 1871 position.
393 1832 409 1866 ξ
437 1838 484 1860 10.
527 1829 559 1859 T
555 1828 593 1858 lzc
622 1826 788 1858 Samnites
819 1825 948 1866 having
977 1822 1138 1864 dispersa-d
1165 1827 1196 1853 to
1215 1822 1345 1863 sorage,

182 1881 336 1912 Valerius
355 1881 443 1912 takes
462 1880 552 1911 their
568 1884 661 1919 camp
680 1883 718 1908 at
735 1888 757 1908 α
779 1877 870 1915 rusb,
889 1877 960 1907 and
978 1880 1068 1906 rouls
1088 1874 1177 1905 their
1193 1873 1351 1904 scattcred

174 1937 280 1974 troops
294 1933 377 1963 with
388 1937 485 1973 great
497 1931 675 1972 slauglzlcr.

144 2018 205 2056 Ita
236 2019 350 2055 rebus
380 2017 508 2066 gestis,
540 2015 688 2061 consul,
721 2014 907 2052 advocata
937 2013 1129 2057 contione,
1162 2011 1204 2049 P.
1235 2010 1345 2048 Decii
1358 2016 1376 2047 1

91 2096 172 2122 non
190 2089 347 2132 coeptas
367 2083 492 2120 solum
511 2089 610 2127 ante,
626 2081 694 2118 sed
713 2080 924 2118 cumulatas
942 2091 1042 2117 nova
1061 2078 1194 2115 virtute
1213 2076 1346 2115 laudes

91 2149 251 2199 peragit,
272 2155 310 2185 et
328 2154 477 2196 praeter
495 2147 668 2183 militaria
687 2145 760 2182 alia
779 2145 881 2183 dona
901 2156 1015 2181 aurea
1035 2155 1181 2181 corona
1200 2155 1288 2180 eum
1308 2148 1346 2180 et

93 2221 247 2252 centum
263 2213 390 2251 bubus
408 2212 625 2261 eximioque
645 2222 724 2247 uno
745 2210 833 2247 albo
853 2210 985 2259 opimo
1005 2209 1145 2246 auratis
1165 2208 1346 2246 cornibus

94 2280 224 2318 donat.
280 2277 434 2323 Milites,
468 2277 534 2328 qui
566 2276 606 2313 in
638 2275 828 2326 praesidio
867 2273 978 2312 simul
1010 2273 1170 2320 fuerant,
1205 2273 1347 2324 duplici
1360 2277 1380 2308 2
