1582 2543
302 131 503 165 SPEECH
527 131 591 164 OF
614 131 792 163 APPIUS
823 130 1077 163 CLAUDIUS.
1262 133 1313 170 41

62 213 245 290 ffipffls
270 239 488 277 sustinuerit
514 238 711 286 impetum,
732 237 824 274 nihil
851 237 986 274 deinde
1012 236 1156 281 timeat,
1176 247 1225 272 an
1255 235 1315 272 hic
1330 246 1412 274 ac.
1429 247 1519 274 403.

63 307 111 343 sit
147 312 266 343 terror
298 304 465 342 nominis
498 303 629 348 nostri,
660 310 700 340 ut
737 302 947 340 exercitum
981 301 1202 357 Romanurn
1236 310 1347 339 non&

62 371 231 415 taedium
269 370 502 441 longinquae
541 368 852 417 oppugnationis,
882 355 1227 405 nonffli‘s‘“·hiemis
1266 367 1314 403 ab

63 436 156 473 urbe
181 411 433 473 &Fc‘ffraeiisessa
459 434 576 471 semel
604 446 778 471 amovere
805 434 935 483 possit,
956 445 1026 470 nec
1053 433 1168 470 finem
1194 432 1314 469 ullum

63 500 179 537 alium
216 500 302 537 belli
334 511 452 549 quam
482 500 681 537 victoriam
720 500 875 545 noverit,
905 512 975 536 nec
1010 480 1154 548 ίῐῗπῖἓῖἶι
1187 499 1315 547 potius

63 566 160 603 bella
185 578 302 615 quam
329 566 609 614 perseverantia
635 566 765 614 gerat?
822 564 935 611 Quae
961 566 999 601 in
1028 564 1134 602 omni
1161 564 1348 614 quidem9

62 643 202 679 genere
240 630 406 676 militiae,
442 631 609 668 maxime
647 638 776 668 tamen
818 631 857 667 in
895 630 1114 668 obsidendis
1158 630 1316 668 urbibus

62 696 275 734 necessaria
293 703 360 741 est,
383 708 545 746 quarum
572 696 774 746 plerasque
794 696 1066 734 munitionibus
1093 708 1137 733 ac
1157 695 1316 732 naturali

63 761 136 798 situ
173 761 493 811 inexpugnabiles
531 761 633 799 fame
672 762 807 811 sitique
845 768 997 810 tempus
1040 762 1166 810 ipsum
1203 761 1316 798 vincit

61 833 176 875 atque
220 834 427 876 expugnat,
474 827 572 865 sicut
609 826 728 865 Veios
772 827 1019 875 expugnabit,
1058 826 1131 864 nisi
1178 826 1317 864 auxilio
1332 832 1372 861 10
1386 828 1448 879 γ’
1468 812 1553 853 “³⁴4-

60 890 235 929 hostibus
261 892 402 929 tribuni
429 892 550 942 plebis
576 892 724 938 fuerint,
749 899 786 929 et
806 891 957 930 Rornae
977 891 1186 929 invenerint
1206 904 1316 941 prae-

61 957 157 1007 sidia
191 956 384 1002 Veientes,
418 970 518 1008 quae
556 958 818 1007 nequicquam
854 957 893 994 in
930 957 1079 994 Etruria
1118 964 1316 1006 quaerunt.

59 1022 123 1059 An
152 1028 210 1059 est
237 1023 455 1072 quicquam,
477 1023 583 1073 quod
612 1023 837 1061 Veientibus
867 1030 1040 1072 optatum
1073 1034 1195 1071 aeque
1226 1035 1317 1060 con·
1333 1025 1371 1053 11

60 1087 207 1136 tingere
226 1088 356 1137 possit,
373 1100 492 1138 quam
511 1095 553 1126 ut
572 1088 822 1126 seditionibus
835 1088 1003 1137 primum
1017 1088 1108 1125 urbs
1125 1087 1317 1133 Romana,

60 1152 198 1190 deinde
216 1153 317 1191 velut
335 1166 383 1191 ex
404 1155 635 1203 contagione
655 1161 778 1191 castra
796 1153 1050 1206 impleantur?
1098 1153 1149 1190 At
1164 1153 1316 1190 hercule
1332 1156 1371 1186 12
1384 1138 1545 1182 W

59 1218 164 1267 apud
182 1217 313 1256 hostes
339 1225 445 1256 tanta
470 1219 659 1257 modestia
684 1226 751 1265 est,
771 1225 812 1257 ut
838 1230 918 1256 non
938 1218 1150 1256 obsidionis
1175 1218 1315 1264 taedio,

60 1295 140 1321 non
167 1283 332 1333 denique
360 1285 467 1333 regni
494 1285 702 1335 quicquam
728 1284 832 1334 apud
859 1296 926 1323 eos
952 1291 1136 1321 novatum
1156 1284 1213 1329 sit,
1234 1296 1317 1321 non

58 1356 200 1398 negata
228 1349 368 1388 auxilia
393 1351 442 1387 ab
471 1349 641 1388 Etruscis
674 1350 896 1388 irritaverint
929 1350 1100 1396 anim0s;
1134 1350 1317 1387 morietur
1330 1360 1370 1391 13

59 1415 164 1452 enim
201 1415 410 1464 extemplo,
449 1416 668 1466 quicunque
706 1416 775 1454 erit
819 1416 1014 1453 seditionis
1058 1423 1202 1461 auctor,
1243 1428 1315 1454 nec

34 1479 250 1543 ‘cuiquamo
259 1480 383 1535 dicere
403 1493 448 1519 ea
467 1481 602 1527 licebit,
625 1493 723 1531 quae
743 1481 846 1530 apud
865 1493 933 1518 vos
949 1482 1106 1530 impune
1127 1481 1314 1518 dicuntur.

15 1529 518 1592 *'“Fusifiariufn''‘rfi{reirir',
551 1547 615 1596 qui
654 1547 763 1596 signa
800 1546 980 1596 relinquit
1016 1553 1081 1583 aut
1124 1546 1314 1595 praesidio
1329 1553 1369 1582 14

59 1609 230 1657 decedit;
265 1617 445 1649 auctores
475 1612 585 1661 signa
613 1611 855 1661 relinquendi
888 1620 924 1649 et
959 1611 1158 1649 deserendi
1192 1619 1315 1649 castra

58 1688 140 1713 non
163 1676 231 1712 uni
257 1684 322 1714 aut
349 1677 455 1714 alteri
481 1677 600 1724 militi,
622 1677 689 1714 sed
717 1677 901 1714 universis
930 1677 1160 1714 exercitibus
1188 1677 1315 1726 palam

58 1741 99 1778 in
136 1741 317 1779 contione
355 1742 582 1780 audiuntur:
632 1743 743 1788 adeo,
778 1742 960 1792 quicquid
997 1743 1171 1779 tribunus
1212 1743 1369 1792 plebil5

58 1806 235 1856 loquitur,
255 1807 324 1844 etsi
349 1808 571 1857 prodendae
596 1809 737 1858 patriae
764 1808 1104 1856 dissolvendaeque
1132 1808 1185 1845 rei
1215 1809 1313 1857 pub-

57 1871 152 1909 licae
174 1879 241 1918 est,
257 1873 435 1911 assuestis
456 1874 573 1923 quieti
593 1875 721 1911 audire
727 1873 994 1947 fflfflffidissss
1013 1873 1211 1922 potestatis
1231 1873 1312 1911 eius

58 1937 159 1986 capti
178 1938 369 1987 quaelibet
388 1940 460 1976 sub
481 1952 526 1977 ea
547 1939 689 1977 scelera
708 1917 975 1977 lateredsinitis.
1017 1939 1223 1988 Reliquum
1245 1947 1310 1986 est,
1329 1945 1368 1974 16

58 2009 111 2049 ut,
132 2015 229 2052 quae
249 2003 309 2041 hic
328 2004 591 2051 vociferantur,
612 2005 748 2042 eadem
773 2005 812 2041 in
833 2006 964 2042 castris
987 2011 1023 2042 et
1049 2006 1153 2054 apud
1178 2006 1314 2043 milites

58 2074 175 2116 agant
207 2074 245 2106 et
280 2070 467 2107 exercitus
505 2077 753 2119 corrumpant
787 2070 1024 2120 ducibusque
1061 2083 1195 2120 parere
1233 2084 1313 2108 non

58 2133 261 2182 patiantur,
284 2135 469 2184 quoniam
497 2147 543 2172 ea
577 2135 734 2172 demum
769 2135 920 2172 Romae
953 2136 1105 2173 libertas
1137 2143 1205 2181 est,
1232 2149 1311 2174 non
1327 2149 1366 2181 17

57 2205 244 2245 senatum,
257 2211 337 2237 non
356 2201 609 2249 magistratus,
623 2213 703 2238 non
718 2200 832 2249 leges,
846 2213 926 2237 non
945 2213 1093 2238 morem
1109 2202 1310 2248 maiorum,

55 2276 137 2302 non
156 2265 324 2303 instituta
343 2273 510 2314 patrum,
531 2278 612 2302 non
633 2266 872 2316 disciplinam
892 2267 1009 2304 vereri
1028 2267 1206 2306 militiae.’
