1736 2521
23 2224 34 2435 ===M—4>-=
23 2195 27 2203 ι
22 2138 33 2172 *z

391 119 470 163 150
736 120 866 164 LJVY,
897 120 1035 153 BOOK
1057 121 1115 154 VJ,
1143 124 1208 168 32,
1230 125 1298 168 33.

184 223 434 262 13.c.:3·7·7.C.
465 224 667 271 Quinctios
702 225 963 264 Cincinnatos.
1020 226 1163 266 Iisdem
1193 228 1328 277 opibus
1363 227 1570 275 obtinuere,
1602 233 1642 266 ut

357 280 374 309 4
389 290 565 329 adversus
586 291 744 329 Latinos
764 292 1017 342 Volscosque,
1040 294 1105 342 qui
1126 295 1339 332 coniunctis
1358 293 1573 343 legionibus
1592 293 1641 331 ad

390 355 577 394 Satricum
622 365 743 394 castra
790 357 994 405 habebant,
1035 359 1140 397 nullo
1187 360 1415 409 impediente
1462 360 1641 398 omnibus

389 422 597 460 iunioribus
631 430 871 460 sacramento
902 423 1058 469 adactis,
1094 431 1169 461 tres
1203 425 1388 462 exercitus
1422 425 1639 471 scriberent,

355 497 373 527 5
388 499 506 524 unum
527 488 576 524 ad
596 488 825 537 praesidium
846 489 960 534 urbis,
983 490 1153 536 alterum,
1171 490 1248 540 qui,
1272 491 1302 528 si
1323 491 1386 539 qui
1407 491 1495 528 alibi
1515 497 1642 528 motus

389 553 602 598 exstitisset,
644 553 692 590 ad
731 555 855 591 subita
894 555 980 592 belli
1018 555 1114 592 mitti
1153 562 1303 605 posset;
1339 557 1489 593 tertium
1527 556 1642 604 longe

387 617 660 655 validissimum
701 619 742 656 P.
774 619 949 657 Valerius
988 626 1024 658 et
1063 619 1106 656 L.
1145 620 1328 658 Aemilius
1366 621 1414 658 ad
1453 620 1641 658 Satricum

354 693 372 722 6
389 683 541 720 duxere.
599 683 677 721 Ubi
698 697 817 734 quum
838 686 961 723 aciem
982 686 1205 723 instructam
1227 686 1392 724 hostium
1411 686 1496 724 loco
1517 697 1641 736 aequo

388 748 632 794 invenissent,
672 750 866 800 extemplo
904 758 1138 800 pugnatum3
1187 758 1222 789 et
1260 758 1299 788 ut
1337 752 1511 788 nondum
1554 751 1642 788 satis

390 814 532 851 claram
579 815 786 861 victoriam,
829 817 882 853 sic
925 829 1130 866 prosperae
1178 817 1258 866 spei
1305 829 1477 866 pugnam
1523 816 1643 853 imber

356 880 607 928 7ingentibus
645 881 819 930 procellis
858 881 963 919 susus
1002 882 1162 919 diremit.
1220 882 1377 919 Postero
1413 883 1473 919 die
1511 882 1642 919 iterata

389 957 529 994 pugna,
564 952 600 983 et
634 946 867 996 aliquamdiu
905 959 1026 997 aequa
1059 947 1191 984 virtute
1224 946 1450 997 fortunaque
1484 947 1642 985 Latinae

387 1011 556 1048 maxime
603 1010 782 1061 legiones,
825 1012 941 1061 longa
988 1012 1165 1050 societate
1207 1012 1378 1049 militiam
1418 1012 1642 1050 Romanam

355 1076 557 1122 Sedoetae,
599 1078 802 1114 restabant.
857 1077 987 1127 Eques
1034 1077 1225 1115 immissus
1264 1078 1415 1115 ordines
1453 1078 1641 1122 turbavit;

388 1142 547 1179 turbatis
585 1142 693 1191 signa
730 1142 899 1192 peditum
937 1142 1049 1189 illata,
1087 1150 1348 1192 quantumque
1385 1142 1565 1180 Romana
1601 1154 1641 1180 se

389 1207 529 1244 invexit
559 1208 670 1254 acies,
703 1215 850 1245 tantum
882 1207 1010 1246 hostes
1041 1209 1161 1258 gradu
1191 1209 1356 1253 demoti;
1391 1216 1426 1246 et
1456 1215 1496 1245 ut
1525 1207 1642 1246 semel

355 1276 373 1304 9
390 1272 579 1323 inclinavit
598 1286 739 1323 pugna,
762 1275 837 1311 iam
864 1274 1110 1312 intolerabilis
1131 1274 1310 1312 Romana
1330 1275 1383 1311 vis
1404 1281 1493 1312 erat.
1550 1273 1640 1311 Fusi

389 1337 517 1376 hostes
537 1351 655 1388 quum
683 1339 881 1386 Satricum,
904 1340 1009 1389 quod
1029 1340 1106 1378 duo
1135 1340 1251 1378 millia
1281 1340 1369 1377 inde
1398 1341 1538 1386 aberat,
1561 1352 1641 1378 non

388 1411 511 1442 castra
549 1411 728 1454 peterent,
765 1406 814 1442 ab
846 1406 972 1456 equite
1005 1406 1171 1443 maxime
1204 1406 1325 1452 caesi;
1367 1413 1491 1443 castra
1529 1413 1639 1455 capta

334 1476 373 1506 10
389 1468 619 1518 direptaque.
677 1470 740 1507 Ab
762 1469 907 1508 Satrico
927 1477 1049 1517 nocte,
1072 1483 1170 1521 quae
1189 1471 1334 1521 proelio
1358 1471 1533 1520 proxima
1558 1470 1637 1517 suit,

389 1533 501 1583 fugae
531 1535 640 1572 simili
670 1537 822 1585 agmine
851 1543 983 1585 petunt
1011 1537 1193 1583 Antium;
1222 1544 1258 1574 et
1288 1549 1407 1587 quum
1438 1536 1638 1574 Romanus

388 1600 575 1637 exercitus
612 1613 730 1650 prope
769 1602 934 1650 vestigiis
971 1610 1198 1651 sequeretur,
1234 1602 1319 1651 plus
1358 1610 1487 1640 tamen
1525 1602 1639 1640 timor

334 1678 372 1708 11
387 1678 505 1715 quam
526 1667 580 1704 ira
595 1667 796 1704 celeritatis
816 1667 957 1706 habuit.
1007 1667 1114 1705 Prius
1135 1669 1260 1718 itaque
1281 1669 1434 1706 moenia
1454 1669 1639 1706 intravere

387 1731 525 1778 hostes,
565 1745 681 1781 quam
721 1731 923 1770 Romanus
961 1739 1129 1770 extrema
1172 1734 1335 1783 agminis
1374 1746 1528 1783 carpere
1575 1741 1639 1771 aut

386 1798 525 1834 morari
546 1805 684 1847 posset.
742 1798 837 1836 Inde
859 1798 1000 1848 aliquot
1020 1799 1101 1836 dies
1117 1800 1300 1837 vastando
1321 1812 1414 1849 agro
1435 1800 1638 1849 absumpti,

386 1875 457 1900 nec
479 1863 667 1901 Romanis
697 1865 787 1901 satis
816 1865 1005 1902 instructis
1034 1873 1216 1914 apparatu
1246 1865 1383 1903 bellico
1409 1865 1456 1902 ad
1487 1866 1641 1904 moenia

386 1929 644 1978 aggredienda
663 1942 733 1967 nec
754 1930 824 1967 illis
843 1930 893 1967 ad
914 1931 1156 1968 subeundum
1176 1943 1327 1980 pugnae
1347 1943 1490 1968 casum.

218 2034 290 2066 Ch.
310 2033 372 2066 33.
389 2036 404 2070 ξ
427 2042 453 2063 Ι.
485 2033 516 2063 T
512 2033 550 2063 lte
566 2033 686 2064 Latius
701 2035 843 2075 quart-cl
854 2035 934 2065 with
951 2034 1004 2066 tlte
1020 2035 1181 2070 Antt'alcs,
1199 2035 1271 2066 ‘rt-rho
1288 2035 1467 2066 surrcnder
1481 2040 1512 2066 to
1528 2036 1638 2067 Rome.

476 2087 491 2122 ξ
510 2096 540 2123 4.
571 2086 636 2116 7710·
659 2086 780 2116 Latius
800 2087 837 2116 in
860 2087 949 2117 their
971 2097 1045 2127 ruge:
1068 2087 1154 2117 burn
1179 2087 1355 2124 Satricum,
1372 2087 1443 2117 and
1461 2087 1532 2118 lake
1560 2088 1592 2118 T
1588 2098 1639 2118 us-

472 2137 595 2175 culum,
621 2138 672 2168 all
693 2138 750 2168 but
771 2138 824 2169 the
846 2138 982 2176 ct'ladcl;
1016 2139 1073 2168 but
1094 2138 1146 2169 tlze
1170 2139 1315 2169 Romans
1339 2149 1465 2170 rccovcr
1489 2139 1542 2170 the
1564 2139 1638 2179 city,

472 2189 543 2219 aml
555 2190 625 2229 slay
641 2190 693 2220 the
710 2190 830 2220 Latius
845 2195 876 2221 to
890 2200 911 2221 a
927 2201 1017 2222 man.

354 2266 372 2295 1
443 2258 584 2297 Seditio
623 2267 704 2297 tum
737 2260 834 2297 inter
868 2260 1040 2298 Antiates
1074 2259 1309 2311 Latinosque
1344 2268 1488 2308 coorta,
1523 2272 1641 2312 quum
