1736 2521
350 116 432 146 220
682 113 811 155 LJVY,
837 112 976 144 BOOK
999 113 1077 144 νη.
1101 114 1169 159 37,
1192 104 1259 159 38.

146 223 334 252 8-0-343·
348 219 539 256 frumento
578 219 617 256 in
655 226 892 268 perpetuum,
932 219 971 256 in
1013 219 1228 268 praesentia
1275 219 1431 268 singulis
1477 219 1603 256 bubus

349 285 523 334 binisque
544 285 681 349 tunicis
708 284 849 322 donati.
911 283 1133 322 Secundum
1160 284 1329 322 consulis
1357 285 1604 322 donationem

350 350 522 400 legiones
548 335 785 399 gramineam
807 362 992 388 coronam
1013 349 1250 395 obsfflialem,
1271 350 1438 387 clamore
1458 349 1604 387 donum

350 416 622 464 approbantes,
657 415 781 452 Decio
821 416 1048 465 imponunt3
1091 415 1209 452 altera
1243 427 1399 460 corona,
1434 414 1605 452 eiusdem

318 486 336 514 3
350 479 506 517 honoris
527 480 652 525 index,
668 492 689 516 a
710 480 900 529 praesidio
917 492 986 517 suo
1008 481 1187 530 imposita
1202 487 1268 518 est.
1311 480 1384 517 His
1403 479 1606 517 decoratus

348 546 561 594 insignibus
582 547 720 583 bovem
741 546 925 583 eximium
942 545 1058 583 Marti
1079 545 1298 590 immolaV,it
1313 551 1468 582 centum
1489 545 1606 582 boves

349 611 528 648 militibus
557 611 662 648 dono
692 611 807 657 dedit,
838 612 902 660 qui
932 623 1064 648 secum
1099 612 1137 648 in
1169 610 1604 713 ἧκρεᾶίῑὶοὲξᾼιὲιεῐᾶξπ.

350 677 491 714 Iisdem
526 677 707 714 militibus
741 677 914 726 legiones
953 677 1066 714 libras
1103 677 1209 714 farris
1243 684 1280 713 et
1314 688 1352 714 se
1384 684 1498 713 tarros
1531 687 1605 712 vini

350 742 610 789 contulerunt;
642 743 849 792 omniaque
869 755 915 780 ea
935 743 1080 792 ingenti
1101 742 1293 780 alacritate
1314 754 1381 791 per
1400 741 1606 779 clamorem

318 817 335 845 4
350 807 560 852 militarem,
581 809 747 846 indicem
767 809 942 845 omnium
966 820 1156 853 assensus,
1177 809 1416 857 gerebantur.
1473 806 1607 844 Tertia

350 885 480 922 pugna
514 873 562 910 ad
597 872 816 910 Suessulam
853 873 1057 910 commissa
1091 880 1158 919 est,
1194 885 1271 922 qua
1308 872 1460 921 fugatus
1494 884 1516 909 a
1549 870 1605 908 M.

350 938 504 976 Valerio
527 938 755 976 Samnitium
771 938 969 983 exercitus,
983 938 1088 976 omni
1109 938 1247 975 robore
1268 938 1472 975 iuventutis
1488 937 1607 975 domo

318 1004 484 1050 5accito,
515 1005 723 1042 certamine
757 1004 890 1041 ultimo
925 1003 1118 1041 fortunam
1153 1004 1315 1052 experiri
1349 1004 1488 1041 statuit.
1544 1003 1606 1040 Ab

353 1068 531 1106 Suessula
564 1070 686 1106 nuntii
721 1069 857 1118 trepidi
895 1068 1083 1119 Capuam,
1118 1069 1206 1106 inde
1241 1069 1388 1118 equites
1422 1068 1524 1106 citati
1557 1067 1607 1105 ad

319 1134 546 1172 &Valerium
581 1135 781 1172 consulem
815 1147 931 1184 opem
968 1143 1119 1173 oratum
1156 1135 1322 1172 veniunt.
1392 1134 1606 1172 Confestim

351 1201 459 1249 signa
488 1207 602 1246 mota,
625 1201 840 1250 relictisque
870 1201 1151 1250 impedimentis
1177 1214 1221 1237 ac
1247 1207 1458 1238 castrorum
1481 1199 1606 1237 valido

350 1263 551 1312 praesidio,
586 1264 723 1312 raptim
760 1264 881 1312 agitur
921 1276 1083 1313 agmcn;
1133 1276 1204 1301 nec
1237 1264 1372 1314 procul
1410 1263 1458 1300 ab
1497 1263 1605 1301 hoste

349 1328 479 1365 Iocum
517 1329 778 1377 perexiguum,
812 1335 852 1365 ut
890 1329 1027 1377 quibus
1058 1337 1206 1377 praeter
1236 1341 1358 1378 equos
1393 1336 1606 1366 ceterorum

351 1394 608 1431 iumentorum
657 1393 913 1443 calonumque
964 1394 1074 1431 turba
1116 1395 1274 1441 abesset,
1316 1395 1446 1432 castris
1493 1394 1604 1443 cepit.

318 1467 336 1500 7
352 1458 580 1496 Samnitium
600 1459 798 1505 exercitus,
822 1459 920 1496 velut
948 1459 1050 1496 haud
1071 1459 1145 1496 ulla
1169 1472 1278 1497 mora
1304 1472 1455 1510 pugnae
1482 1459 1606 1496 futura

349 1531 460 1570 esset,
481 1525 603 1561 aciem
627 1525 774 1561 instruit
786 1537 795 1570 ;
828 1524 975 1570 deinde,
997 1532 1201 1574 postquam
1223 1538 1338 1563 nemo
1359 1526 1492 1563 obvius
1516 1526 1604 1571 ibat,

318 1589 495 1627 Sinfestis
515 1591 633 1639 signis
654 1590 702 1626 ad
723 1596 843 1626 castra
870 1589 1037 1626 hostium
1060 1591 1237 1627 succedit.
1296 1591 1354 1628 Ibi
1380 1598 1421 1628 ut
1446 1591 1605 1628 militem

350 1657 389 1692 in
414 1655 512 1693 vallo
537 1655 638 1700 v‚idit
660 1655 840 1703 missique
871 1655 919 1691 ab
950 1655 1055 1692 omni
1085 1664 1190 1704 parte
1217 1656 1467 1705 exploratum,
1489 1669 1604 1706 quam

350 1722 389 1758 in
422 1721 603 1770 exiguum
637 1721 771 1758 orbem
810 1727 1006 1766 contracta
1045 1728 1167 1758 castra
1205 1729 1339 1766 essent,
1374 1723 1605 1771 paucitatem

317 1786 437 1828 9inde
461 1786 628 1823 hostium
653 1767 876 1835 colligentes
903 1786 1132 1832 rettulerunt,
1156 1786 1313 1824 fremere
1340 1788 1466 1824 omnis
1491 1788 1603 1834 acies,

350 1851 598 1901 complendas
619 1863 701 1888 esse
721 1850 843 1888 fossas
864 1851 1193 1900 scindendumque
1213 1865 1234 1887 v
1237 1852 1351 1889 allum
1368 1859 1404 1889 et
1423 1853 1461 1889 in
1482 1859 1606 1891 castra

350 1916 639 1966 irrumpendum
652 1929 661 1962 ;
693 1923 1003 1965 transactumque
1023 1929 1067 1953 ea
1091 1917 1300 1954 temeritate
1327 1917 1470 1955 bellum
1495 1917 1602 1964 soret,

296 1995 337 2024 10
350 1983 387 2019 ni
415 1983 531 2019 duces
559 1982 835 2019 continuissent
862 1982 1049 2030 impetum
1072 1981 1245 2020 militurn.
1303 1981 1494 2029 Ceterum,
1517 1984 1605 2034 quia

350 2047 551 2084 multitudo
581 2059 661 2092 sua,
689 2047 968 2094 c—ommeatibus
997 2047 1132 2096 gravis,
1162 2054 1198 2083 et
1227 2047 1329 2096 prius
1358 2048 1527 2086 sedendo
1556 2049 1604 2086 ad

351 2112 569 2149 Suessulam
590 2119 626 2149 et
646 2119 728 2148 turn
753 2112 970 2149 certaminis
991 2124 1100 2148 mora
1126 2111 1228 2149 haud
1253 2113 1386 2162 procul
1406 2114 1455 2151 ab
1477 2127 1603 2152 rerum

350 2178 522 2215 omnium
543 2178 674 2226 inopia
694 2185 803 2222 esset,
824 2177 977 2226 placuit,
998 2177 1091 2214 dum
1112 2177 1280 2215 inclusus
1300 2186 1451 2227 paveret
1471 2179 1603 2226 hostis,

296 2250 335 2279 11
348 2243 618 2280 frumentatum
648 2255 716 2293 per
746 2255 858 2292 agros
892 2242 1050 2280 militem
1081 2242 1190 2282 duci:
1225 2244 1375 2282 interim
1410 2244 1602 2293 Romano,
