1736 2521
383 130 460 184 138
726 137 856 178 LJVY,
886 138 1025 171 BOOK
1048 139 1106 172 Vl.
1133 142 1286 181 22-24.

175 244 539 282 n.c.³s1.militum
578 257 750 290 numero,
790 257 869 295 quo
900 245 1137 294 aliquantum
1168 247 1425 296 praestabant,
1458 247 1630 296 opperie-

377 311 526 348 bantur.
582 310 792 360 Postquam
832 311 1139 360 appropinquare
1181 311 1382 350 Romanos
1420 320 1629 358 senserunt,

377 375 568 426 extemplo
588 376 627 412 in
643 376 765 412 aciem
781 375 1006 424 procedunt,
1023 376 1117 413 nihil
1133 377 1293 422 dilaturi,
1311 377 1404 426 quin
1421 377 1631 426 periculum

377 453 548 479 summae
568 452 694 478 rerum
714 439 907 478 facerent:
940 441 991 478 ita
1020 443 1197 491 paucitati
1226 442 1393 480 hostium
1423 442 1513 479 nihil
1535 449 1632 480 artes

376 506 616 556 imperatoris
653 506 768 551 unici,
816 507 954 556 quibus
997 507 1086 545 solis
1130 507 1376 553 confiderent,
1416 507 1632 557 profuturas

376 584 468 610 esse.

209 707 281 738 Ch,
300 706 362 739 23,
384 701 415 731 T
410 700 448 731 lle
474 710 585 740 enemy
611 710 668 731 are
694 699 838 730 anxious
863 704 894 730 to
909 698 1021 741 sight:
1059 699 1223 731 Camillus
1249 710 1344 742 urges
1368 700 1470 741 delay,
1494 700 1551 731 but
1581 700 1633 730 his

463 752 629 792 colleaguc,
647 751 687 782 L.
705 751 842 789 Furius,
863 751 978 782 insists
993 762 1034 782 on
1051 762 1071 782 a
1087 751 1193 783 battle.

345 844 361 874 1
432 829 541 867 Idem
560 818 689 867 'ardor‘
710 818 754 866 ’et
785 828 824 865 in
860 827 1041 867 Romano
1072 830 1242 867 exercitu
1276 837 1357 867 erat
1385 836 1421 867 et
1447 829 1487 866 in
1514 829 1632 867 altero

377 896 486 941 duce,
506 908 577 933 nec
597 895 805 945 praesentis
833 894 1086 947 dimicationis
1113 894 1305 933 fortunam
1336 895 1412 939 ulla
1439 907 1498 932 rcs
1521 906 1631 944 prae-

377 970 548 1012 terquam
569 960 681 997 unius
701 960 767 996 viri
793 950 996 997 consilium
1026 967 1140 1009 atque
1170 951 1372 1009 iihperiu'm
1398 961 1632 1006 morabatur,

378 1027 442 1077 qui
463 1026 707 1065 occasionem
726 1025 978 1062 iuvandarum
998 1018 1144 1063 ratione
1165 1026 1301 1062 virium
1322 1025 1509 1063 trahendo
1531 1026 1631 1064 bello

345 1093 593 1142 2quaerebat.
649 1091 709 1129 Eo
735 1091 859 1139 magis
886 1091 1005 1129 hostis
1030 1091 1181 1136 instare,
1203 1103 1274 1129 nec
1303 1092 1379 1128 iam
1406 1104 1476 1140 pro
1502 1092 1633 1129 castris

377 1165 527 1195 tantum
560 1157 636 1194 suis
671 1156 861 1206 explicare
894 1156 1028 1202 aciem,
1059 1156 1126 1194 sed
1155 1156 1363 1206 procedere
1394 1157 1432 1193 in
1462 1156 1632 1194 medium

378 1223 504 1272 campi
525 1230 561 1260 et
580 1222 679 1259 vallo
708 1234 827 1271 prope
858 1221 1027 1259 hostium
1059 1222 1168 1271 signa
1198 1221 1398 1260 inferendo
1428 1223 1632 1272 superbam

346 1301 364 1331 3
379 1289 556 1326 fiduciam
578 1288 709 1324 virium
730 1295 932 1325 ostentare.
993 1286 1038 1324 Id
1064 1299 1175 1337 aegre
1197 1288 1410 1337 patiebatur
1431 1287 1632 1325 Romanus

379 1355 497 1400 miles,
518 1353 638 1391 multo
663 1354 813 1402 aegrius
841 1354 933 1390 alter
958 1365 1006 1390 ex
1038 1354 1199 1391 tribunis
1227 1354 1398 1400 militum,
1421 1353 1463 1391 L.
1485 1353 1632 1399 Furius,

381 1421 486 1458 ferox
507 1432 626 1469 quum
647 1426 768 1457 aetate
793 1427 830 1457 et
854 1420 1022 1469 ingenio,
1045 1426 1124 1456 tum
1155 1419 1408 1457 multitudinis
1438 1432 1486 1456 ex
1515 1419 1634 1457 incer-

347 1487 526 1526 4tissim0
559 1486 739 1522 sumentis
774 1486 924 1523 animos
958 1497 1025 1534 spe
1057 1485 1221 1523 inflatus.
1280 1485 1357 1523 Hic
1390 1498 1458 1535 per
1487 1497 1526 1522 se
1557 1485 1634 1521 iam

380 1552 517 1589 milites
556 1551 730 1589 incitatos
769 1552 922 1600 insuper
961 1551 1166 1601 instigabat
1203 1551 1400 1600 elevando,
1440 1563 1515 1600 qua
1557 1562 1635 1587 una

380 1624 539 1668 poterat,
566 1624 686 1654 aetate
711 1618 975 1655 auctoritatem
1001 1617 1181 1666 collegae,
1204 1617 1406 1654 iuvenibus
1427 1616 1526 1653 bella
1548 1616 1635 1653 data

381 1684 571 1729 dictitans,
591 1690 627 1720 et
647 1695 736 1720 cum
758 1683 981 1732 corporibus
1001 1683 1125 1731 vigere
1143 1690 1179 1719 et
1196 1682 1444 1719 deflorescere
1458 1681 1608 1718 animos
1624 1694 1633 1727 ;

349 1757 640 1792 5cunctatorem
670 1761 716 1786 ex
747 1749 934 1786 acerrimo
964 1749 1146 1786 bellatore
1175 1747 1331 1792 factum,
1353 1754 1400 1792 et,
1425 1747 1489 1797 qui
1520 1747 1634 1784 adve—

382 1816 491 1853 niens
511 1821 634 1853 castra
654 1815 843 1864 urbesque
864 1815 989 1864 primo
1010 1814 1153 1863 impetu
1176 1825 1305 1862 rapere
1324 1813 1370 1850 sit
1387 1812 1530 1857 solitus,
1548 1823 1636 1848 eum

381 1881 540 1920 residem
561 1881 658 1917 intra
679 1880 819 1917 vallum
846 1887 998 1929 tempus
1024 1887 1155 1925 terere,
1177 1878 1268 1927 quid
1295 1889 1539 1915 accessurum
1560 1877 1637 1915 suis

350 1947 672 1985 fidecessurumve
706 1945 875 1983 hostium
906 1945 1048 1982 viribus
1082 1943 1326 1993 sperantem?
1366 1955 1483 1992 quam
1523 1954 1636 1980 occa-

383 2014 542 2057 sionem,
573 2011 678 2061 quod
710 2019 871 2060 tempus,
902 2022 1017 2060 quern
1046 2009 1190 2047 insidiis
1219 2008 1447 2046 instruendis
1478 2008 1637 2046 locum?

384 2079 537 2128 Frigere
576 2089 621 2114 ac
659 2084 810 2126 torpere
846 2076 946 2113 senis
980 2075 1150 2113 consilia.
1210 2073 1286 2112 Sed
1319 2073 1486 2112 Camillo
1519 2084 1637 2123 quum

354 2145 480 2184 rvitae
511 2144 611 2189 satis,
640 2150 720 2180 tum
751 2142 893 2192 gloriae
922 2153 1030 2188 esse;
1060 2140 1151 2190 quid
1182 2140 1340 2177 attinere
1370 2151 1458 2177 cum
1488 2138 1639 2177 mortali

385 2222 546 2259 corpore
576 2221 655 2246 uno
680 2208 849 2253 civitatis,
870 2219 989 2257 quam
1017 2205 1273 2244 immortalem
1293 2217 1377 2243 esse
1399 2205 1544 2250 deceat,
1561 2203 1639 2254 pati

354 2280 371 2311 8
387 2287 662 2313 consenescere
682 2274 804 2312 vires?
862 2273 936 2311 His
963 2272 1203 2311 sermonibus
1225 2277 1305 2310 tota
1333 2271 1373 2308 in
1393 2282 1435 2309 se
1455 2276 1638 2308 averterat
