1637 2554
451 128 550 159 THE
580 127 759 158 ALLJES
793 126 985 158 WAVER.
1264 126 1343 166 227

91 245 107 280 5
128 250 155 273 1.
185 242 250 273 The
269 252 367 282 army
383 246 513 279 asscnls,
536 241 608 272 and
632 241 785 272 Valerius
803 245 957 281 procures
980 249 1024 269 an
1048 241 1195 277 amncsty
1209 237 1271 278 sor
1294 236 1346 266 the
1359 237 1441 266 3-0.
1459 238 1549 266 342.

172 293 316 324 seccdcrs.
389 297 403 332 ξ
423 304 451 333 4.
478 295 508 324 A
533 294 600 324 law
623 293 651 323 is
668 293 788 333 passed
797 292 998 333 forbiddz'ng
1015 290 1067 320 the
1087 289 1255 328 discharge
1273 288 1313 328 ⁰s
1325 299 1345 317 α

172 345 292 375 soldier
306 345 446 375 wz'llzoul
462 345 513 375 his
529 349 665 376 consent.
736 347 752 382 ξ
772 344 801 374 8.
825 345 856 374 Α
875 342 1029 384 proposal
1042 342 1070 372 is
1087 341 1178 371 made
1198 345 1228 370 to
1248 340 1348 370 lower

172 397 226 427 the
234 400 302 437 pay
316 397 356 438 of
363 396 414 427 llzc
429 397 572 436 cavalry.

140 491 457 540 Approbantibus
473 492 640 529 clamore
661 493 817 537 cunctis,
837 491 886 528 T.
904 489 1108 536 Quinctius
1129 494 1216 525 ante
1238 487 1345 536 signa
1362 497 1377 526 1
1405 493 1476 526 Ch.
1487 492 1547 526 41.

86 568 311 606 progressus
331 556 369 592 in
386 564 571 605 potestate
593 557 786 594 dictatoris
806 557 943 594 milites
963 555 1044 593 fore
1065 554 1182 600 dixit;
1214 553 1343 599 oravit,

86 626 129 656 ut
158 631 314 656 causam
352 619 580 656 miserorum
620 621 758 657 civium
797 620 1016 668 susciperet,
1052 623 1344 666 susceptamque

86 685 222 722 eadem
244 684 329 729 fide,
351 696 426 733 qua
456 697 535 722 rem
565 686 759 734 publicam
784 685 1047 722 administrare
1075 683 1206 721 solitus
1235 690 1344 727 esset,

86 755 263 787 tueretur.
322 748 399 786 Sibi
427 761 466 786 sc
494 750 667 799 privatim
695 750 786 787 nihil
807 762 963 796 cavere;
995 749 1096 787 nolle
1121 748 1208 785 alibi
1230 749 1378 796 quam2

87 814 127 851 in
157 815 376 852 innocentia
411 827 518 864 spem
557 816 720 862 habere;
760 816 940 853 militibus
978 814 1204 858 cavendum,
1240 812 1345 861 quod

87 879 190 929 apud
212 881 473 930 patressemel
500 881 613 930 plebi,
636 882 769 918 iterum
796 881 1012 930 legionibus
1042 887 1197 917 cautum
1219 879 1275 923 sit,
1297 889 1345 914 ne

87 944 209 982 fraudi
231 946 395 983 secessio
415 954 524 984 essct.
583 946 766 993 Quinctio
787 946 1016 991 collaudato,
1037 945 1171 983 ceteris
1198 945 1345 980 bonum
1359 945 1376 974 3

87 1011 261 1048 animum
299 1010 441 1049 habere
479 1013 600 1058 iussis,
634 1014 794 1050 dictator
831 1024 932 1061 equo
970 1012 1084 1049 citato
1123 1010 1172 1047 ad
1209 1010 1342 1046 urbem

86 1082 270 1122 revectus,
301 1078 520 1114 auctoribus
554 1078 724 1127 patribus
763 1078 845 1115 tulit
877 1078 927 1115 ad
966 1076 1151 1127 populum
1185 1075 1224 1111 in
1257 1074 1344 1112 luco

85 1140 273 1187 Petelino,
305 1154 353 1179 ne
388 1143 446 1180 cui
485 1144 648 1181 militurn
685 1144 809 1182 fraudi
843 1143 1008 1181 secessio
1048 1149 1154 1179 esset.
1215 1140 1346 1178 Oravit

87 1207 202 1244 etiam
226 1192 330 1244 bona
350 1209 460 1246 venia
487 1208 665 1255 Quirites,
686 1222 734 1247 ne
764 1210 849 1258 quis
876 1221 961 1246 eam
988 1220 1068 1256 rem
1092 1208 1180 1247 ioco
1202 1205 1345 1245 serioxe

88 1272 270 1322 cuiquam
296 1274 554 1322 exprobraret.
611 1274 693 1312 Lex
720 1248 1060 1324 quoque³sa³⁴crata
1069 1257 1241 1309 militaris
1271 1260 1380 1308 lata4

87 1344 154 1384 est,
175 1350 225 1376 ne
245 1339 353 1376 cuius
377 1340 505 1377 militis
535 1341 663 1389 scripti
688 1353 833 1378 nomen
863 1340 935 1377 nisi
963 1339 1047 1388 ipso
1067 1338 1217 1375 volente
1245 1337 1345 1374 dele-

86 1410 187 1440 retur
199 1416 209 1450 ς
252 1404 500 1455 additumque
538 1406 625 1455 legi,
661 1419 709 1443 ne
748 1407 843 1456 quis,
875 1406 940 1443 ubi
978 1405 1150 1442 tribunus
1183 1404 1345 1440 militum

87 1468 228 1514 suisset,
249 1476 383 1518 postea
402 1471 581 1507 ordinum
607 1472 741 1508 ductor
767 1478 874 1508 esset.
933 1471 979 1508 Id
1003 1477 1155 1520 propter
1175 1470 1216 1508 P.
1238 1469 1343 1507 Salo·
1358 1474 1377 1504 5

86 1534 196 1571 nium
232 1535 468 1583 postulatum
506 1543 562 1573 est
599 1537 648 1573 ab
686 1537 900 1582 coniuratis,
936 1537 1000 1585 qui
1039 1536 1188 1573 alternis
1225 1546 1345 1584 prope

86 1600 198 1636 annis
225 1605 262 1637 et
291 1601 464 1638 tribunus
492 1602 653 1639 militum
683 1610 720 1640 et
748 1604 892 1651 primus
923 1602 1094 1640 centurio
1117 1608 1205 1647 erat,
1228 1612 1344 1650 quem

85 1677 190 1703 nunc
221 1665 332 1715 primi
362 1666 428 1715 pili
467 1668 671 1717 appellant.
730 1669 835 1706 Huic
874 1668 1010 1705 infensi
1048 1667 1185 1704 milites
1223 1672 1376 1716 erant,6

85 1730 193 1780 quod
231 1743 381 1780 semper
419 1732 641 1771 adversatus
679 1735 788 1772 novis
830 1734 996 1772 consiliis
1039 1733 1170 1770 fuisset
1207 1738 1254 1777 et,
1294 1744 1342 1769 ne

84 1796 275 1846 particeps
293 1809 427 1835 eorum
446 1806 554 1845 esset,
577 1801 626 1837 ab
646 1800 818 1838 Lautulis
846 1800 1012 1850 fugisset.
1070 1799 1204 1847 Itaque
1225 1809 1343 1847 quum
1358 1808 1376 1840 7

84 1861 159 1900 hoc
179 1874 301 1899 unum
321 1871 478 1913 propter
504 1865 703 1903 Salonium
730 1867 778 1903 ab
805 1873 939 1904 senatu
963 1878 1041 1903 non
1068 1866 1343 1913 impetraretur,

84 1933 167 1964 tum
207 1927 384 1966 Salonius
421 1931 630 1969 obtestatus
677 1939 802 1981 patres
848 1931 1096 1980 conscriptos,
1137 1942 1185 1967 ne
1233 1941 1344 1966 suum

83 1992 274 2030 honorem
312 1995 430 2043 pluris
464 2009 581 2045 quam
615 1997 861 2034 concordiam
894 1997 1052 2034 civitatis
1071 1995 1350 2067 aestimarent,

83 2059 259 2107 perpulit,
284 2066 326 2096 ut
354 2061 393 2098 id
419 2075 577 2112 quoque
605 2062 771 2099 ferretur.
828 2062 963 2111 Aeque
993 2046 1194 2110 impotens
1203 2034 1374 2109 postu-8

82 2123 204 2160 latum
241 2123 320 2172 fuit,
359 2133 401 2164 ut
439 2127 487 2164 de
526 2128 714 2177 stipendio
752 2127 923 2177 equitum
957 2126 1174 2178 (merebant
1213 2132 1340 2163 autem

83 2189 218 2241 triplex
251 2202 297 2227 ea
330 2192 574 2244 tempestate)
609 2205 695 2231 aera
729 2193 982 2239 demerentur,
1018 2192 1122 2242 quod
1157 2191 1341 2229 adversati

84 2254 339 2294 coniurationi
358 2256 525 2296 fuissent.

1386 1250 1393 1263 ς
1414 1248 1416 1255 '
1434 1248 1494 1267 (etc

1506 1252 1537 1264 ι’·
1557 1257 1575 1267 ν
