1637 2554
427 130 676 163 CAMJLLUS
701 130 966 164 DICTAJOR.
1243 133 1322 176 159

65 237 288 287 magistrum
308 239 479 288 equiturn
500 238 544 276 L.
563 225 957 287 Aemilium”c'ooptat.
1001 236 1152 286 Legum
1168 249 1322 286 quoque
1338 247 1422 276 ac.
1439 248 1524 276 368.

65 303 202 341 latores
230 305 411 342 adversus
436 311 584 342 tanturn
608 311 832 353 apparatum
861 303 1166 340 adversariorum
1189 310 1224 340 et
1252 303 1323 351 ipsi

65 381 220 406 causam
240 370 359 419 plebis
379 370 599 419 ingentibus
620 369 755 406 animis
771 375 931 414 armant,
949 368 1188 417 concilioque
1201 368 1324 417 plebis

65 433 220 480 indicto,
255 436 370 473 tribus
407 436 457 473 ad
495 435 718 483 suffragium
755 442 904 472 vocant.
980 432 1111 479 Quum
1150 433 1353 479 dictator‚5

65 499 223 548 stipatus
262 501 415 549 agmine
457 501 715 550 patriciorum,
756 499 892 548 plenus
935 499 1011 535 irae
1056 499 1322 548 minarumque

65 565 307 612 consedisset,
338 573 451 615 atque
483 573 660 615 ageretur
689 577 748 602 res
779 564 890 602 solito
919 564 1086 614 primum
1116 565 1322 602 certamine

65 630 160 667 inter
194 643 232 668 se
264 632 503 668 tribunorum
533 631 634 680 plebi
665 629 868 667 ferentium
899 629 1024 678 legem
1056 629 1323 667 intercedenti-

65 707 217 744 umque,
241 704 288 742 et,
317 704 463 745 quanto
488 697 569 734 iure
595 696 789 746 potentior
815 695 1037 733 intercessio
1063 703 1151 739 erat,
1173 702 1322 732 tantum

63 760 273 798 vinceretur
285 761 413 799 favore
426 762 553 811 legum
570 762 739 811 ipsarum
756 761 1008 810 latorumque,
1022 768 1057 798 et
1075 763 1083 778 ‘
1101 759 1167 797 Uti
1183 773 1296 810 rogas
1313 761 1321 775 '
1336 768 1354 796 6

64 826 209 875 primae
237 827 358 864 tribus
387 827 565 873 dicerent,
595 835 676 864 turn
702 826 888 864 Camillus
917 829 926 845 ‘
944 826 1112 873 Quando
1141 824 1320 875 quidem'

63 891 197 940 inquit,
229 891 430 938 ‘Quirites,
460 893 537 929 iam
566 905 634 930 vos
662 892 866 930 tribunicia
894 891 1024 938 libido,
1047 904 1127 929 non
1155 898 1323 941 potestas

63 957 171 1005 regit,
185 964 222 994 et
236 958 562 1003 intercessionem,
581 958 797 996 secessione
812 957 1010 1007 quondam
1025 957 1148 1006 plebis
1160 965 1320 1006 partam,

63 1022 171 1059 vobis
209 1023 345 1060 eadem
383 1024 419 1060 vi
457 1023 576 1061 facitis
615 1024 768 1068 irritam,
804 1035 880 1073 qua
911 1023 1120 1072 peperistis,
1151 1034 1231 1059 non
1269 1022 1321 1060 rei

63 1087 236 1136 publicae
256 1089 379 1138 magis
400 1089 598 1126 universae
619 1101 736 1138 quam
756 1096 878 1126 vestra
899 1100 1013 1126 causa
1029 1088 1190 1125 dictator
1210 1088 1322 1124 inter—

63 1150 226 1188 cessioni
275 1152 390 1189 adero
434 1163 682 1201 eversumque
727 1159 893 1188 vestrum
936 1151 1118 1187 auxilium
1160 1150 1321 1199 imperio

62 1216 225 1254 tutabor.
283 1217 416 1266 Itaque
445 1217 475 1254 si
497 1216 540 1255 C.
561 1216 732 1254 Licinius
759 1224 794 1253 et
814 1215 858 1253 L.
881 1215 1031 1253 Sextius
1058 1216 1319 1253 intercessioni
1335 1224 1352 1256 7

63 1280 295 1329 collegarum
326 1282 477 1327 cedunt,
510 1281 602 1318 nihil
630 1281 830 1331 patricium
860 1281 1125 1330 magistratum
1153 1281 1319 1317 inseram

63 1346 228 1384 concilio
245 1347 366 1396 plebis
379 1359 388 1392 ;
420 1348 449 1384 si
466 1347 644 1385 adversus
660 1347 972 1385 intercessionem
987 1354 1171 1395 tanquam
1186 1354 1319 1394 captae

62 1411 202 1448 civitati
228 1411 331 1460 leges
360 1413 557 1461 imponere
587 1413 754 1458 tendent,
777 1414 852 1449 vim
872 1412 1115 1449 tribuniciam
1135 1423 1157 1448 a
1177 1423 1216 1448 se
1236 1411 1320 1460 ipsa

62 1476 215 1514 dissolvi
235 1488 312 1514 non
341 1478 484 1526 patiar.'
541 1477 735 1515 Adversus
764 1491 809 1515 ea
833 1490 953 1527 quum
979 1477 1230 1526 contemptim
1255 1477 1351 1513 tri-S

61 1542 154 1578 buni
187 1542 309 1591 plebis
344 1555 425 1580 rem
455 1543 574 1580 nihilo
606 1544 761 1593 segnius
790 1549 1026 1593 peragerent,
1046 1549 1127 1579 tum
1156 1542 1320 1591 percitus

61 1607 115 1644 ira
149 1607 333 1645 Camillus
364 1608 524 1654 lictores,
562 1609 626 1658 qui
658 1609 705 1646 de
738 1609 868 1645 medio
903 1608 1057 1658 plebem
1087 1615 1318 1652 emoverem,

60 1673 160 1709 misit
188 1680 224 1709 et
255 1673 399 1711 addidit
432 1675 567 1720 minas,
598 1675 629 1712 si
660 1682 873 1724 pergerent,
907 1681 1150 1711 sacramento
1183 1684 1320 1709 omnes

60 1737 225 1775 iuniores
245 1739 470 1776 adacturum
496 1740 782 1789 exercitumque
805 1738 1001 1787 extemplo
1021 1751 1069 1775 ex
1089 1738 1183 1775 urbe
1203 1737 1320 1774 educ-

60 1811 196 1840 turum.
260 1803 468 1842 Terrorem
506 1805 702 1854 ingentem
742 1805 953 1841 incusserat
990 1804 1115 1853 plebi;
1157 1803 1350 1840 ducibus9

58 1867 180 1916 plebis
217 1869 391 1906 accendit
423 1870 544 1919 magis
582 1871 790 1908 certamine
829 1871 978 1907 animos
1016 1882 1131 1919 quam
1171 1868 1318 1905 minuit.

61 1931 137 1969 Sed
155 1945 196 1969 re
222 1941 358 1971 neutro
383 1934 565 1972 inclinata
590 1935 816 1983 magistratu
845 1947 885 1972 se
915 1935 1114 1979 abdicaxit,
1137 1946 1202 1970 seu
1230 1932 1319 1981 quia

58 1998 150 2035 vitio
183 2006 332 2036 creatus
363 2007 453 2045 erat,
487 2006 529 2036 ut
557 2000 738 2048 scripsere
761 2000 930 2049 quidam,
957 2012 1024 2037 seu
1058 2000 1148 2049 quia
1177 1997 1319 2035 tribuni

57 2062 180 2111 plebis
208 2064 373 2101 tulerunt
406 2064 456 2101 ad
486 2065 638 2113 plebem
672 2064 788 2114 idque
818 2065 927 2114 plebs
963 2066 1078 2111 scixit,
1112 2073 1164 2110 ut,
1197 2064 1229 2101 si
1261 2062 1317 2099 Μ.

59 2127 196 2166 Furius
215 2141 285 2177 pro
310 2129 496 2166 dictatore
526 2130 618 2178 quid
647 2130 799 2179 egisset,
821 2131 1077 2179 quingentum
1102 2129 1263 2166 millium
1283 2129 1316 2165 ei
1333 2134 1372 2163 10

57 2193 177 2231 multa
197 2202 318 2240 esset3
349 2195 415 2232 sed
435 2195 612 2244 auspiciis
629 2196 752 2244 magis
773 2208 890 2244 quam
910 2197 998 2233 novi
1019 2195 1184 2245 exempli
1205 2207 1316 2244 roga-

58 2258 162 2296 tione
183 2259 404 2297 deterritum
431 2267 472 2297 ut
501 2260 628 2310 potius
654 2260 820 2307 credam,
843 2273 963 2310 quum
991 2261 1107 2310 ipsius
1136 2261 1202 2297 xiri
1228 2260 1316 2298 facit
