1670 2532
277 149 332 192 52
634 146 762 187 LlVY,
794 146 931 178 BOOK
955 146 992 177 V.
1020 146 1168 192 13—15.

59 263 141 291 nc.
159 264 250 291 399.
277 260 396 290 terror
410 252 606 303 multiplex
621 252 698 297 suit,
713 252 831 290 tribus
847 252 885 289 in
900 264 1020 289 unum
1037 251 1144 288 bellis
1161 250 1318 288 collatis.
1358 249 1537 299 Namque

277 317 427 363 eodem,
449 330 527 367 quo
551 325 673 363 antea,
696 317 813 355 modo
834 317 935 354 circa
960 317 1208 361 munimenta,
1237 327 1356 366 quum
1384 323 1536 364 repente

278 382 494 433 Capenates
533 383 746 432 Faliscique
791 382 962 419 subsidio
1000 382 1203 427 venissent,
1240 381 1419 418 adversus
1464 387 1537 417 tres

224 457 263 487 10
278 449 465 486 exercitus
504 448 658 496 ancipiti
698 447 845 496 proelio
888 454 1102 496 pugnatum
1143 452 1210 483 est.
1268 446 1370 482 Ante
1408 445 1538 482 omnia

278 514 421 551 adiuvit
445 514 634 551 memoria
663 513 922 550 damnationis
951 511 1071 561 Sergii
1099 524 1142 549 ac
1163 511 1348 560 Verginii.
1404 509 1538 559 Itaque

278 592 294 616 e
331 579 538 616 maioribus
578 578 720 623 castris,
755 577 857 615 unde
895 584 1006 614 antea
1045 584 1235 614 cessatum
1274 575 1405 621 suerat,
1435 575 1538 612 brevi

280 644 404 694 spatio
418 644 701 682 circumductae
718 643 853 692 copiae
871 642 1088 692 Capenates
1104 643 1142 679 in
1159 642 1296 679 vallum
1315 641 1538 678 Romanum

226 718 407 747 llversos
446 710 495 746 ab
533 716 641 757 tergo
679 708 976 757 aggrediuntur3
1026 708 1114 745 inde
1158 719 1289 757 pugna
1327 714 1465 755 coepta
1503 713 1539 742 ct

280 775 437 812 Faliscis
463 775 586 812 intulit
614 782 806 819 terrorem,
827 773 1135 822 trepidantesque
1162 773 1312 821 eruptio
1337 784 1384 809 ex
1408 771 1540 809 castris

280 848 499 889 opportune
520 839 618 877 sacta
639 840 779 876 avertit.
839 838 1029 888 Repulsos
1052 839 1187 876 deinde
1205 839 1363 875 insecuti
1380 838 1540 874 victores

228 906 477 954 mingentem
514 905 716 942 ediderunt
756 904 934 949 caedem;
983 916 1055 941 nec
1095 904 1145 940 ita
1183 903 1304 940 multo
1343 909 1431 952 post
1463 902 1538 939 iam

280 971 455 1020 palantes
483 970 596 1007 veluti
624 974 646 1010 †
671 969 768 1007 forte
797 969 913 1007 oblati
945 968 1191 1018 populatores
1220 968 1424 1017 Capenatis
1458 968 1539 1017 agri

229 1037 268 1066 13
282 1036 460 1085 reliquias
489 1048 642 1085 pugnae
672 1036 934 1084 absumpsere.
992 1034 1041 1071 Et
1067 1034 1284 1071 Veientium
1314 1033 1540 1082 refugientes

281 1102 321 1138 in
358 1102 494 1138 urbem
528 1101 636 1138 multi
676 1108 763 1138 ante
798 1107 927 1150 portas
962 1100 1074 1145 caesi,
1104 1100 1196 1136 dum
1227 1111 1316 1148 prae
1347 1106 1461 1141 metu,
1493 1110 1540 1134 ne

282 1166 395 1205 simul
437 1166 638 1204 Romanus
683 1167 920 1215 irrumperet,
957 1165 1116 1204 obiectis
1162 1164 1306 1202 foribus
1349 1171 1540 1201 extremos

281 1244 438 1270 suorum
459 1232 669 1270 exclusere.

116 1382 189 1415 Ch.
207 1381 267 1416 14.
283 1385 298 1420 §
319 1391 346 1413 1.
379 1383 443 1413 The
453 1383 642 1423 patriciam·
658 1381 816 1413 atlribulc
833 1381 885 1412 lltc
895 1381 1016 1422 plagae
1033 1385 1063 1411 lo
1078 1381 1130 1412 the
1145 1391 1248 1421 anger
1260 1379 1299 1422 of
1307 1379 1358 1411 llze
1369 1379 1455 1420 gods,
1474 1379 1546 1409 and

368 1435 484 1465 induce
508 1435 560 1465 tlte
581 1435 689 1475 simple
712 1439 742 1464 to
766 1434 840 1464 elect
862 1433 917 1463 six
937 1433 1134 1473 patrissans,
1160 1433 1305 1463 eminent
1328 1442 1412 1469 men,
1435 1436 1466 1461 to
1490 1431 1542 1460 tlte

368 1487 530 1526 stlilz'lary
552 1486 741 1517 Tribunalc.
816 1488 832 1523 ξ
848 1484 877 1516 6.
907 1485 973 1516 The
989 1496 1062 1515 war
1078 1485 1106 1515 is
1121 1484 1253 1515 carried
1265 1494 1305 1514 on
1321 1484 1359 1524 by
1375 1483 1476 1514 rtu'ds.

250 1571 266 1600 1
335 1563 447 1601 Haec
469 1576 516 1601 eo
537 1576 640 1601 anno
661 1570 768 1610 acta3
797 1570 833 1601 et
853 1563 928 1599 iam
945 1563 1098 1600 comitia
1117 1562 1357 1599 tribunorum
1379 1561 1540 1597 militum

281 1629 449 1675 aderant,
475 1641 640 1678 quorum
670 1641 790 1678 prope
821 1629 943 1666 maior
977 1629 1146 1677 patribus
1181 1639 1294 1676 quam
1331 1626 1417 1663 belli
1453 1637 1542 1662 cura

281 1702 372 1740 erat,
402 1680 544 1744 qusppe
577 1707 656 1731 non
688 1694 1017 1732 communicatum
1051 1693 1167 1730 modo
1201 1704 1289 1729 cum
1321 1692 1443 1741 plebe,
1475 1690 1541 1728 sed

248 1772 401 1810 2prope
432 1761 616 1797 amissum
645 1744 892 1798 cerdentibus
918 1771 1109 1796 summum
1138 1758 1348 1806 imperium.
1406 1757 1541 1806 Itaque

281 1826 498 1863 clarissimis
526 1826 614 1863 viris
648 1839 696 1863 ex
727 1825 945 1874 composito
975 1825 1208 1874 praeparatis
1242 1823 1289 1860 ad
1320 1822 1540 1872 petendum,

281 1903 379 1940 quos
426 1891 692 1940 praetereundi
741 1891 1010 1928 verecundiam
1058 1890 1256 1927 crederent
1296 1888 1387 1933 sore,
1423 1887 1542 1924 nihilo

282 1957 408 1994 minus
435 1957 519 2006 ipsi,
541 1957 701 2006 perinde
728 1969 772 1995 ac
803 1958 833 1994 si
861 1969 997 1994 omnes
1028 1956 1220 1994 candidati
1245 1961 1382 1999 essent,
1403 1962 1541 1991 cuncta

281 2023 531 2071 experientes,
550 2035 629 2059 non
650 2023 827 2060 homines
847 2022 974 2067 modo,
992 2022 1059 2059 sed
1080 2022 1171 2059 deos
1192 2021 1306 2058 etiam
1328 2019 1540 2062 exciebant,

249 2087 322 2125 3in
355 2088 579 2137 religionem
613 2096 800 2125 vertentes
833 2088 987 2126 comitia
1028 2086 1186 2123 biennio
1220 2085 1369 2122 habita:
1415 2084 1542 2133 priore

284 2165 386 2191 anno
415 2153 696 2190 intolerandam
726 2153 892 2190 hiemem
923 2152 1186 2203 prodigiisque
1215 2150 1351 2187 divinis
1381 2149 1541 2186 similem

252 2222 466 2263 4c00rtam‚
487 2219 668 2268 proximo
698 2230 777 2255 non
807 2218 994 2268 prodigia,
1017 2217 1083 2255 sed
1108 2218 1183 2254 iam
1213 2221 1393 2253 eventus:
1426 2214 1541 2264 pesti-

282 2283 437 2321 lentiam
464 2284 565 2333 agris
593 2284 752 2333 urbique
780 2282 1046 2344 illatam'lraud
1070 2282 1185 2319 dubia
1213 2282 1269 2318 ira
1297 2280 1422 2326 deum,
1444 2290 1543 2328 quos

785 2331 874 2358 ''bt-⁴⁴⁸*
920 2346 922 2349 v
962 2344 965 2352 ι
