1670 2532
233 86 314 116 110
609 82 738 125 LJVY,
769 83 905 115 BOOK
928 83 985 117 VJ.
1010 87 1102 126 2-4-

27 201 108 230 ac.
126 202 215 230 389.
230 190 426 240 caesisque
453 201 572 239 quum
600 197 721 227 castra
748 190 891 240 impetu
921 191 1081 240 cepisset
1111 189 1281 235 dictator,
1302 188 1482 239 praedam

229 256 335 293 militi
367 255 479 300 dedit,
503 268 580 305 quo
610 256 737 293 minus
766 264 955 305 speratam
985 256 1140 293 minime
1170 255 1345 304 largitore
1375 255 1482 300 duce,

176 331 214 361 13
229 333 275 359 eo
305 321 413 358 militi
447 322 661 369 gratiorem.
720 321 943 359 Persecutus
973 322 1109 359 deinde
1141 321 1339 370 fugientes,
1365 332 1485 370 quum

229 398 386 424 omnem
406 385 591 422 Volscum
613 397 747 435 agrum
768 386 1020 436 depopulatus
1048 393 1158 431 essct,
1179 386 1226 423 ad
1253 386 1485 424 deditionem

177 455 215 484 14
229 451 394 489 Volscos
427 452 706 500 septuagesimo
737 451 894 488 demum
924 464 1027 490 anno
1058 452 1217 500 subegit.
1274 451 1408 488 Victor
1437 462 1484 488 ex

229 516 381 554 Volscis
419 517 457 553 in
490 517 648 565 Aequos
686 517 840 562 transiit,
870 525 907 555 et
944 518 1046 567 ipsos
1085 517 1226 554 bellum
1258 515 1485 560 molientes;

228 582 438 618 exercitum
472 593 607 619 eorum
640 581 688 618 ad
720 580 834 619 Bolas
867 583 1062 632 oppressit,
1093 594 1163 620 nec
1199 587 1322 619 castra
1355 579 1486 626 modo,

230 646 296 684 sed
316 647 450 683 urbem
470 648 583 684 ctiam
604 659 807 696 aggressus
828 649 970 698 impetu
990 648 1116 698 primo
1136 647 1246 697 cepit.

84 784 160 817 ch·
179 784 216 817 3·
231 779 246 814 ξ
269 786 294 807 1.
318 776 520 807 Meanwhile
536 777 692 808 Sulrium
710 777 738 807 is
757 777 896 818 besieged
907 778 946 817 hy
961 777 1013 809 llic
1029 778 1224 815 Etruscam,
1242 776 1314 807 and
1332 777 1360 807 is
1372 776 1491 818 forced

317 832 348 859 to
369 828 557 865 surrcndcr,
628 832 643 866 §
662 840 691 868 4.
715 829 772 859 but
798 829 961 860 Camillus
983 829 1145 869 sutfriscs
1169 829 1220 860 tlte
1243 839 1354 869 enemy
1374 829 1411 859 in
1435 828 1487 859 tlte

317 879 416 909 mz'dst
429 879 470 921 qf
477 879 565 910 their
580 879 714 920 viclory‚
731 880 801 910 and
814 891 955 912 recovcrs
970 880 1022 911 llic
1038 881 1112 921 city.

198 978 214 1007 1
285 967 417 1014 Quum
438 968 476 1004 in
495 980 541 1005 ea
564 976 682 1018 parte,
704 969 741 1006 in
768 981 844 1019 qua
871 977 986 1019 caput
1005 971 1057 1007 rei
1079 969 1280 1007 Romanae
1301 968 1486 1007 Camillus
1534 971 1538 974 ’

229 1041 320 1079 erat,
341 1045 386 1070 ea
406 1032 555 1070 fortuna
575 1041 682 1079 esset,
705 1034 817 1071 aliam
838 1035 877 1071 in
897 1042 1042 1084 partem
1062 1042 1181 1072 terror
1200 1035 1336 1084 ingens
1357 1035 1487 1083 ingru-

198 1105 320 1138 2erat.
358 1097 510 1135 Etruria
540 1111 659 1148 prope
679 1100 805 1136 omnis
832 1107 976 1137 armata
1005 1099 1181 1145 Sutrium,
1203 1100 1329 1137 socios
1355 1098 1505 1165 popplL

1518 1135 1538 1145 q

1441 1149 1471 1160 ιι
1522 1150 1530 1160 ο

232 1162 410 1208 Romani,
440 1164 662 1210 obsidebat3
707 1176 869 1213 quorum
902 1165 1027 1214 legati,
1053 1177 1166 1214 opem
1201 1165 1313 1202 rebus
1344 1162 1487 1202 affectis

230 1235 393 1273 orantes,
432 1240 551 1277 quum
598 1236 772 1266 senatum
820 1230 996 1275 adissent,
1035 1229 1231 1267 decretum
1278 1229 1406 1274 tulere,
1445 1235 1487 1265 ut

230 1294 390 1331 dictator
419 1294 542 1343 primo
571 1306 724 1344 quoque
754 1302 926 1345 tempore
956 1295 1141 1332 auxilium
1174 1294 1336 1331 Sutrinis
1364 1293 1488 1331 ferret.

197 1359 352 1398 3Cuius
385 1359 464 1408 spei
496 1371 644 1396 moram
676 1372 795 1408 quum
830 1361 906 1409 pati
941 1359 1092 1398 fortuna
1125 1361 1372 1397 obsessorum
1408 1371 1487 1397 non

229 1425 422 1475 potuisset,
436 1424 686 1473 confectaque
708 1426 878 1474 paucitas
899 1425 1181 1474 oppidanorum
1202 1437 1328 1474 opere,
1342 1423 1487 1472 vigiliis,

228 1490 457 1536 vulneribus,
478 1501 577 1538 quae
598 1502 746 1539 semper
770 1490 926 1527 eosdem
954 1491 1153 1539 urgebant,
1176 1502 1242 1539 per
1268 1490 1487 1538 pactionem

227 1556 320 1592 urbe
349 1555 521 1593 hostibus
550 1555 694 1601 tradita,
716 1555 868 1592 inermis
902 1567 989 1592 cum
1021 1555 1177 1603 singulis
1209 1555 1348 1592 emissa
1376 1555 1487 1592 vesti-

228 1621 366 1658 mentis
403 1621 607 1658 miserabili
645 1621 798 1669 agmine
838 1628 996 1670 penates
1034 1621 1271 1670 relinqueret,
1305 1632 1351 1657 eo
1389 1619 1487 1656 sorte

196 1700 213 1729 4
229 1694 398 1736 tempore
422 1685 605 1724 Camillus
631 1698 720 1723 cum
747 1686 912 1723 exercitu
942 1685 1121 1723 Romano
1147 1685 1356 1722 intervenit.
1415 1684 1487 1722 Cui

227 1765 347 1802 quum
368 1764 407 1789 se
428 1759 574 1789 maesta
593 1752 701 1788 turba
721 1751 768 1788 ad
787 1751 904 1800 pedes
923 1751 1178 1800 provolvisset,
1192 1751 1486 1800 principumque

226 1819 439 1855 orationem
473 1817 695 1854 necessitate
724 1816 856 1853 ultima
887 1829 1104 1865 expressam
1140 1816 1249 1853 fletus
1282 1816 1486 1853 mulierum

226 1896 270 1921 ac
300 1896 515 1933 puerorum,
544 1884 608 1933 qui
637 1882 758 1920 exsilii
788 1882 947 1919 comites
977 1881 1233 1926 trahebantur,
1261 1882 1485 1930 excepisset,

226 1961 378 1998 parcere
405 1949 579 1986 lamentis
602 1947 774 1985 Sutrinos
800 1948 925 1984 iussit:
957 1946 1126 1984 Etruscis
1147 1959 1186 1984 se
1212 1946 1356 1984 luctum
1377 1946 1485 1983 lacri-

194 2029 212 2058 5
227 2027 386 2064 masque
406 2014 511 2051 ferre.
571 2013 748 2050 Sarcinas
771 2013 858 2050 inde
885 2012 1025 2061 deponi
1048 2011 1297 2061 Sutrinosque
1318 2012 1369 2048 ibi
1389 2023 1486 2049 con-

227 2079 348 2117 sidere
368 2080 522 2117 modico
548 2079 739 2128 praesidio
764 2078 904 2123 relicto,
925 2090 1031 2114 arma
1058 2089 1188 2115 secum
1209 2077 1366 2114 militem
1387 2076 1484 2114 ferre

226 2145 340 2182 iubet.
396 2145 455 2182 Ita
491 2144 670 2193 expedito
707 2143 875 2181 exercitu
914 2143 1102 2193 profectus
1141 2143 1190 2180 ad
1231 2142 1408 2187 Sutrium,
1444 2141 1483 2179 id

227 2209 331 2260 quod
358 2210 520 2256 rebatur,
542 2209 666 2247 soluta
692 2210 822 2247 omnia
847 2210 971 2255 rebus,
992 2216 1033 2246 ut
1054 2209 1104 2255 fit,
1125 2208 1302 2247 secundis
1329 2207 1482 2254 invenit,
