1637 2554
167 105 206 137 T.
232 106 500 146 QUJNCTJUS
530 106 870 139 CINCINNATUS
895 106 1159 139 DICTATOR.
1226 110 1304 152 145

49 212 139 251 iuris
159 214 390 263 exsequendi
418 226 533 263 quam
564 214 721 251 dilectus
751 219 850 251 esset
875 211 1032 264 (quippe
1054 213 1129 250 iam
1151 224 1173 249 a
1193 211 1302 250 Prae·
1319 220 1401 249 Ec.
1417 222 1506 249 380.

48 285 153 316 nestc
174 279 366 328 profectos
386 279 514 317 hostes
541 280 579 316 in
607 292 700 328 agro
722 279 877 317 Gabino
907 278 1126 315 consedisse
1149 278 1301 315 nuntia-

47 342 185 396 batur),
222 346 368 383 interim
403 346 574 383 tribunos
606 345 728 394 plebis
761 344 863 381 fama
896 357 941 381 ea
978 344 1061 393 ipsa
1093 344 1355 381 irritaveratll

47 410 170 457 magis
202 410 250 447 ad
282 418 502 460 susceptum
533 416 728 447 certamen
762 421 879 458 quarn
912 409 1150 454 deterruerat,
1178 421 1301 458 neque

47 474 148 511 aliud
179 476 226 512 ad
256 476 481 513 seditionem
510 475 831 524 exstinguendam
861 475 899 512 in
926 475 1021 512 urbe
1042 486 1159 523 quam
1179 487 1301 524 prope

48 539 190 577 illatum
211 542 413 579 moenibus
434 541 525 591 ipsis
546 541 688 579 bellum
709 541 832 578 valuit.

50 667 66 701 ξ
88 673 115 697 1.
146 666 177 696 T
173 665 210 696 hc
235 666 460 697 P7·aeneslz'm·s
481 666 623 697 advance
644 671 674 697 lo
693 666 744 697 lla·
764 666 888 698 colline
909 666 996 705 Gate,
1014 666 1071 697 hut
1093 666 1191 697 rctirc
1207 666 1302 696 when
1317 666 1386 700 Ch.
1407 666 1474 700 28.

140 717 174 748 T.
193 718 369 755 Quinctius
384 718 605 749 Cincinnatus
616 718 643 748 is
654 718 773 748 named
784 718 945 749 Dictator.
995 721 1010 755 ξ
1023 727 1052 758 5.
1074 718 1160 757 They
1171 721 1304 758 encamp

134 779 216 799 mar
229 770 282 800 the
297 770 379 800 Alia
391 779 401 800 :
424 769 495 800 and
507 780 551 800 an
569 780 666 810 army
679 769 707 799 is
723 780 797 800 now
812 769 913 809 easily
929 769 1042 800 raised
1053 773 1083 800 to
1099 773 1178 800 mccl
1193 769 1288 800 them.

101 857 203 895 Nam
225 871 341 908 quum
370 866 467 897 esset
493 859 746 896 Praenestinis
775 859 1001 905 nuntiatum,
1022 859 1168 897 nullum
1197 864 1328 896 exer-1

47 924 163 961 citum
194 925 455 974 conscriptum
486 923 646 969 Romae,
679 924 827 960 nullum
858 924 996 961 ducem
1026 931 1171 962 certum
1207 937 1300 970 esse,

46 995 171 1038 patres
201 1002 246 1027 ac
277 990 428 1040 plebem
458 990 496 1026 in
527 996 646 1027 semet
676 989 778 1038 ipsos
803 1001 947 1035 versos,
967 990 1212 1027 occasionem
1233 990 1335 1027 rati2

46 1054 163 1092 duces
195 1067 341 1097 eorum,
375 1055 512 1104 raptim
552 1054 703 1104 agmine
734 1061 834 1099 acto,
869 1054 1093 1103 pervastatis
1131 1055 1303 1103 protinus

45 1120 156 1169 agris,
177 1120 226 1157 ad
247 1127 395 1169 portam
417 1120 607 1158 Collinam
630 1120 739 1169 signa
760 1119 929 1157 intulere.
989 1120 1132 1168 Ingens
1152 1120 1191 1157 in
1211 1121 1303 1157 urbe
1317 1131 1335 1162 3

45 1185 244 1234 trepidatio
267 1185 348 1223 fuit.
406 1185 701 1223 Conclamatum
723 1188 731 1204 ‘
748 1185 811 1221 Ad
832 1183 960 1231 arma,’
993 1197 1303 1234 concursumque

46 1251 85 1287 in
116 1263 246 1289 muros
276 1258 390 1301 atque
422 1258 550 1301 portas
581 1258 662 1297 est3
692 1251 928 1299 tandemque
958 1250 1008 1287 ab
1038 1250 1222 1288 seditione
1252 1250 1301 1288 ad

45 1315 185 1353 bellum
208 1317 302 1354 versi
332 1316 555 1354 dictatorem
585 1316 633 1353 T.
656 1315 882 1362 Quinctium
903 1315 1175 1353 Cincinnatum
1197 1329 1302 1354 crea-

44 1393 140 1419 vere.
198 1381 237 1419 Is
262 1383 489 1431 magistrum
516 1382 689 1431 equitum
714 1382 760 1418 A.
785 1380 1055 1430 Sempronium
1083 1381 1336 1421 Atratinum4

45 1447 148 1483 dixit.
212 1446 331 1493 Quod
364 1447 429 1485 ubi
468 1447 636 1484 auditum
676 1453 733 1483 est
765 1443 908 1498 (tantus
945 1446 1026 1484 eius
1059 1447 1303 1496 magistratus

44 1519 166 1550 terror
184 1511 290 1563 erat),
312 1513 422 1550 simul
444 1512 574 1550 hostes
595 1525 616 1549 a
638 1512 842 1549 moenibus
868 1523 1058 1549 recessere
1079 1519 1114 1549 et
1134 1512 1302 1550 iuniores

46 1577 214 1615 Romani
242 1578 291 1615 ad
320 1578 486 1616 edictum
516 1578 596 1615 sine
621 1577 886 1615 retractatione
917 1589 1140 1615 convenere.
1197 1577 1335 1621 Dum5

43 1644 296 1681 conscribitur
317 1643 467 1682 Romae
488 1645 686 1690 exercitus,
710 1649 831 1680 castra
853 1643 1002 1680 interim
1017 1642 1186 1680 hostium
1201 1643 1305 1680 haud

44 1709 176 1758 procul
205 1710 292 1747 Alia
321 1709 478 1748 flumine
498 1710 622 1759 posita
643 1723 653 1756 3
684 1709 773 1746 inde
804 1720 939 1758 agrum
970 1708 1043 1745 late
1073 1708 1303 1757 populantes

44 1774 196 1822 „filtjlssffl
216 1787 255 1813 se
276 1777 360 1813 urbi
380 1775 581 1813 Romanae
598 1775 727 1813 locum
743 1775 899 1824 cepisse,
917 1773 1012 1811 inter
1028 1786 1068 1811 se
1084 1774 1278 1811 iactabant
1293 1788 1301 1821 ;

45 1841 206 1879 similem
237 1855 418 1892 pavorem
451 1843 540 1880 inde
575 1854 619 1879 ac
650 1841 782 1890 fugam
817 1840 908 1885 fore,
941 1852 986 1877 ac
1021 1839 1121 1877 bello
1155 1839 1336 1878 Gallicos

44 1905 179 1954 suerit3
209 1909 350 1945 etenim
379 1909 409 1946 si
434 1909 536 1946 diem
567 1914 787 1945 contactum
819 1906 1002 1954 religione
1034 1905 1302 1954 insignemque

45 1972 201 2010 nomine
221 1973 301 2010 eius
329 1973 403 2011 loci
433 1974 593 2011 timeant
622 1971 804 2016 Romani,
827 1977 971 2020 quanto
1002 1970 1127 2018 magis
1156 1970 1302 2007 Aliensi

44 2036 105 2074 die
130 2037 259 2074 Aliam
288 2038 424 2087 ipsam,
446 2045 741 2076 monumentum
771 2043 899 2074 tantae
925 2035 1056 2080 cladis,
1077 2035 1304 2073 reformida-

45 2103 179 2140 turos?
210 2103 355 2152 species
376 2103 549 2152 profecto
570 2104 614 2140 iis
641 2103 692 2140 ibi
719 2109 843 2140 truces
866 2100 1066 2139 Gallorum
1088 2112 1306 2150 sonumque

44 2168 149 2204 vocis
178 2167 217 2204 in
249 2168 370 2206 oculis
399 2175 513 2218 atque
543 2169 695 2206 auribus
722 2167 813 2205 fore.
871 2166 957 2204 Has
984 2167 1158 2204 inanium
1178 2173 1338 2207 rerum7

44 2232 177 2270 inanes
206 2233 308 2282 ipsas
331 2233 526 2272 volventes
556 2233 820 2282 cogitationes,
844 2231 1018 2270 fortunae
1049 2231 1124 2270 loci
1154 2230 1308 2280 delega-

661 2311 687 2336 K
