1637 2554
307 109 407 140 THE
437 108 634 140 PLAGUE
664 109 773 139 ANJ)
804 107 1152 139 STAGE-PLAYS.
1277 109 1351 151 171

106 248 121 283 ξ
144 253 169 276 1.
194 245 242 276 As
258 244 310 275 llzc
319 245 416 285 plays
432 244 521 275 work
537 254 578 274 no
593 254 679 279 cure,
697 254 717 274 a
736 244 889 274 Dictalor
905 243 934 273 is
949 242 1125 283 appointed
1137 241 1221 273 clavi
1239 241 1357 283 figendi
1372 242 1454 270 B.C.
1474 244 1563 270 364.

190 306 294 333 causa,
312 305 332 325 a
357 296 443 326 merle
465 295 506 336 qs
521 295 689 335 recomlt'ng
714 295 766 325 the
782 306 866 335 year
883 294 1057 325 institua-d
1074 294 1112 333 by
1126 294 1259 324 ancient
1282 295 1355 331 law,

189 347 260 378 and
279 347 448 388 practc'scd
467 347 504 376 in
530 347 690 377 Etruria.
761 349 823 387 §9.
856 346 921 377 The
947 346 1109 383 Dictator,
1139 346 1178 376 L.
1204 346 1359 376 Allanlius

189 398 397 439 Imperiosus,
411 409 518 428 rouscs
535 398 745 439 indtgnalion
763 398 800 438 by
813 398 865 428 lais
881 408 985 428 severe:
1000 397 1140 438 lcvysor
1152 407 1172 427 α
1185 397 1357 428 llcrm'can

191 461 272 488 war,
290 449 362 480 ancl
374 450 509 490 resz'gyzs.

159 541 242 578 Nec
269 548 397 579 tamen
425 540 603 579 ludorum
632 543 798 591 primum
827 541 975 578 initium
1004 540 1252 593 procurandis
1277 540 1359 577 reli·
1376 545 1392 574 1
1425 541 1496 574 Ch.
1515 541 1550 574 3.

105 607 282 655 gionibus
303 607 434 643 datum
456 614 521 644 aut
549 607 729 656 religione
759 608 912 644 animos
939 614 1003 644 aut
1027 619 1188 656 corpora
1217 606 1360 643 morbis

105 672 259 716 levavit;
289 672 380 722 quin
397 673 523 719 etiam,
542 685 660 723 quum
682 673 829 710 medios
850 672 945 709 sorte
966 672 1075 709 ludos
1093 673 1214 709 circus
1230 671 1360 708 Tiberi
1374 678 1392 707 2

107 736 304 786 superfuso
335 737 509 786 irrigatus
537 738 768 787 impedisset,
797 737 835 774 id
859 750 959 784 vero,
990 737 1090 774 velut
1119 737 1257 774 aversis
1286 737 1361 773 iam

106 803 163 839 dis
193 804 562 853 aspernantibusque
592 804 808 852 placamina
837 803 926 849 irae,
957 810 1139 840 terrorem
1169 803 1361 851 ingentem

106 867 204 905 feeit.
262 868 395 917 Itaque
417 868 488 906 Cn.
506 868 693 915 Genucio,
717 868 760 906 L.
781 868 948 906 Aemilio
966 868 1206 906 Mamercino
1225 867 1360 904 iterum
1376 876 1458 905 ac.
1473 877 1562 904 363.

107 933 336 980 consulibus,
370 946 487 983 quum
521 935 757 984 piaculorum
788 934 910 984 magis
950 934 1179 983 conquisitio
1213 926 1394 970 animosss

107 1011 223 1048 quam
261 1011 421 1049 corpora
459 1000 584 1037 morbi
619 1000 821 1046 afficerent,
855 999 1054 1048 repetitum
1088 1011 1135 1036 ex
1170 999 1362 1035 seniorum

107 1065 293 1101 memoria
314 1065 460 1111 dicitur,
483 1065 736 1114 pestilentiam
756 1064 954 1114 quondam
982 1063 1090 1101 clavo
1111 1064 1160 1101 ab
1181 1063 1362 1101 dictatore

109 1131 186 1168 fixo
215 1131 395 1168 sedatam.
453 1131 512 1168 Ea
541 1131 720 1180 religione
747 1131 931 1168 adductus
960 1137 1112 1167 senatus
1142 1130 1396 1169 dictatorem4

109 1195 203 1232 clavi
243 1196 382 1245 figendi
417 1208 532 1234 causa
569 1196 643 1234 dici
681 1196 786 1233 iussit
798 1208 808 1241 ς
850 1196 971 1233 dictus
1003 1195 1047 1233 L.
1082 1195 1249 1232 Manlius
1283 1194 1360 1231 Im-

109 1260 278 1310 periosus
318 1259 361 1297 L.
400 1260 595 1298 Pinarium
633 1261 858 1310 magistrum
898 1261 1068 1310 equiturn
1107 1260 1209 1297 dixit.
1280 1259 1393 1300 Lex5

110 1332 255 1362 vetusta
274 1332 340 1371 est,
363 1326 494 1375 priscis
513 1326 642 1363 litteris
662 1326 860 1374 verbisque
881 1327 1030 1375 scripta,
1053 1332 1104 1371 ut,
1128 1326 1191 1374 qui
1211 1332 1362 1374 praetor

110 1390 300 1427 maximus
331 1391 387 1437 sit,
423 1391 547 1428 idibus
588 1390 869 1439 Septembribus
903 1390 1050 1428 clavum
1082 1397 1246 1440 pangat;
1286 1390 1363 1426 fixa

111 1454 177 1491 fuit
199 1455 334 1493 dextro
361 1455 466 1493 lateri
493 1456 597 1494 aedis
616 1456 716 1493 Iovis
745 1456 877 1505 optimi
896 1456 1065 1502 maximi,
1087 1468 1135 1492 ex
1155 1467 1232 1504 qua
1258 1461 1362 1504 parte

112 1518 307 1558 Minervae
330 1521 515 1570 templum
540 1528 606 1560 est.
662 1521 765 1559 Eum
792 1522 952 1567 clavum,
976 1522 1065 1570 quia
1093 1533 1198 1558 rarae
1222 1533 1289 1570 per
1317 1530 1394 1560 eass

111 1591 286 1634 tempora
325 1585 467 1623 litterae
506 1594 625 1633 erant,
667 1594 800 1624 notam
838 1586 986 1623 numeri
1024 1598 1213 1623 annorum
1250 1585 1364 1622 fuisse

111 1649 246 1696 ferunt,
291 1662 414 1699 eoque
457 1651 652 1689 Minervae
700 1651 842 1700 templo
889 1651 1053 1688 dicatam
1098 1650 1235 1700 legem,
1274 1651 1364 1700 quia

111 1726 293 1752 numerus
313 1715 509 1754 Minervae
529 1717 724 1754 inventum
746 1717 804 1754 sit.
861 1716 1042 1753 Vulsiniis
1063 1728 1216 1766 quoque
1237 1715 1362 1754 clavos
1376 1722 1394 1755 7

111 1779 255 1817 indices
274 1782 421 1818 numeri
441 1794 631 1820 annorum
651 1783 748 1820 fixos
768 1782 807 1819 in
831 1781 973 1831 templo
994 1780 1163 1828 Nortiae,
1179 1781 1363 1820 Etruscae

113 1843 219 1891 deae,
248 1857 480 1895 comparere,
508 1847 668 1897 diligens
700 1847 831 1884 talium
864 1854 1202 1885 monumentorum
1232 1854 1365 1885 auctor

113 1910 269 1949 Cincius
295 1912 466 1951 affirmat.
525 1913 710 1951 Horatius
740 1913 874 1951 consul
899 1920 936 1951 et
961 1913 1086 1963 legem
1116 1919 1152 1950 et
1180 1913 1395 1963 templumg

113 1975 213 2013 Iovis
241 1978 374 2026 optimi
401 1978 560 2015 maximi
590 1979 775 2016 dedicavit
800 1991 904 2016 anno
932 1985 1019 2028 post
1047 1991 1155 2028 reges
1182 1986 1362 2026 exactos3

113 2053 136 2079 a
164 2043 386 2080 consulibus
415 2051 548 2093 postea
576 2044 626 2081 ad
655 2044 866 2089 dictatores,
895 2045 984 2094 quia
1012 2044 1135 2082 maius
1163 2044 1364 2095 imperium

113 2114 203 2153 erat,
237 2108 418 2146 sollemne
455 2109 549 2147 clavi
586 2109 729 2158 figendi
762 2109 985 2147 translatum
1020 2117 1086 2146 est.
1143 2110 1365 2149 Intermisso

114 2172 251 2210 deinde
279 2185 397 2220 more,
419 2173 534 2224 digna
559 2175 674 2211 etiam
704 2187 772 2224 per
799 2187 839 2212 se
865 2175 944 2212 visa
972 2187 1042 2221 reS,
1067 2183 1222 2225 propter
1246 2189 1362 2226 quarn

114 2235 276 2275 dictator
307 2245 507 2276 crearetur.
563 2238 654 2286 Qua
687 2239 734 2277 de
767 2251 885 2278 causa
919 2247 1066 2278 creatus
1103 2240 1148 2278 L.
1180 2239 1392 2288 Manlius,9
