1637 2554
469 114 616 146 DEBT
637 114 704 146 IN
724 114 879 146 ROME.
1229 117 1308 159 143

55 220 196 259 bellum
217 220 404 260 indixistis
424 221 690 271 intulistisque‚
712 227 838 270 patres
857 219 1072 270 conscripti,
1094 221 1189 258 sicut
1204 232 1308 257 nunc
1322 229 1404 258 ac.
1423 229 1512 257 381.

54 286 188 324 videtis
217 300 290 326 nos
319 295 463 325 stantes
491 287 531 324 in
559 286 744 324 vestibulo
775 286 902 324 curiae
922 293 1078 332 vestrae,
1099 286 1150 323 ita
1174 285 1309 323 armati

54 353 252 402 paratique
272 353 425 391 obviam
444 352 739 402 imperatoribus
759 351 1051 401 legionibusque
1071 351 1203 388 vestris
1222 363 1309 400 pro-

56 417 250 455 cessimus.
309 418 386 456 Hic
424 425 562 463 noster,
603 417 663 454 hic
699 416 820 466 plebis
859 424 1011 454 nostrae
1044 416 1195 454 habitus
1229 416 1340 462 fuit,5

54 482 198 531 eritque
219 496 379 533 semper,
400 483 472 520 nisi
494 483 523 520 si
544 482 702 532 quando
723 495 745 519 a
764 482 872 520 vobis
900 494 1048 532 proque
1068 482 1177 519 vobis
1204 494 1310 519 arma

55 549 328 598 acceperimus.
387 548 540 587 Gratias
570 548 720 598 agimus
749 555 785 585 et
815 548 976 585 ducibus
995 548 1126 585 vestris
1145 555 1182 585 et
1201 560 1308 585 exer-

55 614 201 656 citibus,
232 614 337 664 quod
367 614 487 652 oculis
517 614 640 663 magis
670 626 786 663 quam
817 614 970 651 auribus
1000 613 1240 651 crediderunt
1259 620 1307 658 et,

55 680 118 716 ubi
149 680 240 716 nihil
273 680 408 717 hostile
435 686 526 725 erat,
554 692 602 716 ne
632 679 701 728 ipsi
731 679 887 728 quidem
917 678 1099 716 fecerunt.
1155 679 1339 725 Pacem‚6

55 757 172 794 quam
202 757 274 783 nos
299 746 567 795 praestitimus,
588 757 674 782 eam
696 757 717 782 a
737 745 845 782 vobis
871 745 1037 794 petimus
1050 757 1058 790 ;
1088 745 1229 782 bellum
1249 757 1307 789 eo,

55 811 175 848 sicubi
196 818 262 856 est,
284 812 459 848 avertatis
485 823 689 860 precamur
702 823 712 857 ;
743 811 782 847 in
803 823 877 848 nos
903 810 994 860 quid
1017 822 1123 847 arma
1142 810 1310 860 polleant

54 884 184 922 vestra,
207 877 237 913 si
257 877 440 925 patiendo
467 876 749 926 experiundum
776 883 843 921 est,
873 876 1036 913 inermes
1059 877 1309 925 experiemur.

55 940 165 978 Haec
196 953 306 979 mens
338 949 468 979 nostra
494 948 562 987 est,
590 941 627 978 di
657 941 891 979 immortales
922 940 1073 987 faciant,
1100 949 1179 978 tam
1207 939 1381 986 selim&

53 1018 169 1054 quam
190 1007 263 1056 pia.
321 1006 438 1053 Quod
463 1006 512 1044 ad
539 1007 699 1044 crimina
729 1007 872 1051 attinet,
895 1007 1035 1056 quibus
1054 1007 1147 1044 moti
1167 1006 1307 1043 bellum
1323 1009 1340 1041 7

53 1071 250 1117 indixistis,
273 1073 344 1110 etsi
369 1062 509 1110 r'ex'icta
537 1074 650 1110 rebus
680 1073 804 1110 verbis
829 1072 1024 1110 confutare
1047 1072 1141 1110 nihil
1165 1072 1307 1115 attinet,

52 1145 193 1181 tamen,
222 1138 371 1175 etiamsi
399 1150 488 1175 vera
517 1138 602 1184 sint,
632 1138 689 1176 vel
714 1138 822 1176 fateri
852 1138 965 1176 nobis
994 1150 1049 1183 ea,
1081 1149 1200 1187 quum
1228 1143 1308 1173 tam

51 1202 244 1240 evidenter
271 1204 505 1253 paenituerit,
527 1212 649 1241 tutum
679 1216 892 1242 censemus.
951 1203 1134 1241 Peccetur
1161 1203 1199 1240 in
1226 1215 1305 1248 vos,

52 1268 143 1305 dum
173 1269 278 1318 digni
309 1270 399 1315 sitis,
430 1270 567 1319 quibus
597 1270 648 1307 ita
677 1270 857 1307 satisfiat!
916 1268 1090 1306 Tantum
1119 1268 1196 1306 fere
1225 1274 1337 1306 ver-8

51 1335 189 1370 borum
219 1335 268 1371 ab
297 1334 526 1372 Tusculanis
556 1335 711 1372 factum.
769 1335 908 1372 Pacem
929 1334 969 1371 in
988 1334 1213 1384 praesentia,
1233 1346 1305 1371 nec

51 1400 102 1436 ita
122 1399 242 1438 multo
261 1407 348 1449 post
368 1400 556 1438 cixitatem
572 1401 687 1438 etiam
703 1401 1011 1450 impetraverunt.
1051 1400 1116 1437 Ab
1131 1399 1306 1437 Tusculo

51 1465 220 1514 legiones
239 1466 429 1504 reductae.

53 1555 189 1586 Censors
224 1565 282 1586 are
318 1555 494 1596 appointed
525 1566 567 1587 on
599 1560 734 1587 account
763 1555 804 1597 of
829 1556 881 1587 the
913 1556 1109 1598 prcvailing
1141 1554 1306 1586 condition
1323 1555 1395 1589 Ch,
1412 1555 1475 1590 27.

134 1607 176 1648 of
188 1607 279 1644 debt,·
315 1608 373 1637 but
395 1618 436 1638 no
459 1618 570 1638 cemus
597 1608 626 1638 is
648 1607 755 1638 taken.
807 1608 874 1639 The
903 1608 937 1638 T
932 1608 1067 1638 ribuncs
1090 1607 1131 1648 of
1144 1607 1197 1637 the
1216 1605 1307 1646 plebs

133 1658 252 1700 dejfhnd
262 1659 315 1690 the
329 1659 460 1695 deblors,
477 1659 550 1689 and
560 1659 613 1690 tlte
627 1659 760 1690 citizens
775 1659 881 1700 resuse
896 1663 927 1689 to
941 1669 1031 1689 serve
1046 1658 1083 1689 in
1099 1658 1152 1689 tlte
1167 1668 1273 1697 army.

102 1725 297 1772 Camillus,
329 1726 491 1764 consilio
524 1733 561 1763 et
589 1726 722 1763 virtute
751 1727 791 1762 in
813 1726 958 1763 Volsco
992 1725 1103 1770 bello,
1128 1724 1334 1762 felicitatel

47 1792 86 1829 in
107 1791 329 1829 Tusculana
347 1792 601 1841 expeditione,
619 1793 820 1842 utrobique
839 1791 1019 1840 singulari
1034 1790 1213 1828 adversus
1226 1789 1303 1827 col—

46 1857 173 1906 legam
196 1857 378 1907 patientia
403 1864 440 1895 et
462 1858 728 1895 moderatione
758 1851 928 1906 insignis,
950 1857 1175 1906 magistratu
1200 1855 1302 1900 abiit,
1316 1857 1334 1888 :2

47 1923 181 1960 creatis
199 1923 359 1961 tribunis
378 1923 604 1961 militaribus
625 1924 663 1960 in
684 1924 949 1974 insequentem
971 1935 1115 1960 annum
1137 1921 1180 1958 L.
1201 1927 1237 1957 et
1257 1919 1298 1957 P.
1314 1929 1397 1959 ac.
1414 1929 1504 1958 380.

45 1987 218 2033 Valeriis,
245 1988 369 2026 Lucio
392 1990 579 2039 quintum,
608 1990 744 2027 Publio
764 1990 926 2033 tertium,
948 1996 985 2026 et
1007 1989 1049 2026 C.
1073 1987 1206 2035 Sergio
1226 1992 1300 2023 ter-

44 2054 151 2098 tium,
172 2053 216 2091 L.
238 2054 423 2092 Menenio
451 2055 598 2099 iterum,
619 2054 660 2091 P.
681 2055 845 2104 Papirio,
869 2054 947 2092 Ser.
970 2053 1151 2092 Cornelio
1172 2051 1299 2088 Malu-

44 2119 212 2168 ginense.
257 2119 490 2157 Censoribus
512 2131 667 2169 quoque
683 2120 786 2168 eguit
806 2131 941 2164 annus,
961 2119 1130 2156 maxime
1145 2122 1297 2166 propter
1311 2123 1330 2152 3

43 2184 228 2222 incertam
248 2184 391 2221 famam
410 2185 508 2221 aeris
523 2184 648 2229 alieni,
663 2185 959 2233 aggravantibus
979 2194 1170 2220 summam
1184 2182 1298 2219 etiam

43 2249 265 2288 invidiosius
292 2249 453 2287 tn'bunis
478 2249 612 2299 plebis,
633 2261 752 2299 quum
773 2250 822 2286 ab
845 2249 891 2287 iis
917 2249 1138 2293 elevaretur,
1159 2247 1297 2298 quibus
