<?xml version="1.0" encoding="UTF-8"?>
<!DOCTYPE html PUBLIC "-//W3C//DTD XHTML 1.0 Transitional//EN"
    "http://www.w3.org/TR/xhtml1/DTD/xhtml1-transitional.dtd">
<html xmlns="http://www.w3.org/1999/xhtml" xml:lang="en" lang="en">
 <head>
  <title>
</title>
<meta http-equiv="Content-Type" content="text/html;charset=utf-8" />
  <meta name='ocr-system' content='tesseract 3.04.00' />
  <meta name='ocr-capabilities' content='ocr_page ocr_carea ocr_par ocr_line ocrx_word'/>
</head>
<body>
  <div class='ocr_page' id='page_1' title='image "./booksvvivii00livyuoft_0049.png"; bbox 0 0 1582 2543; ppageno 0'>
   <div class='ocr_carea' id='block_1_1' title="bbox 279 181 1323 226">
    <p class='ocr_par' dir='ltr' id='par_1_1' title="bbox 279 181 1323 226">
     <span class='ocr_line' id='line_1_1' title="bbox 279 181 1323 226; baseline -0.006 -10"><span class='ocrx_word' id='word_1_1' title='bbox 279 184 595 217; x_wconf 78' lang='lat' dir='ltr'><em>COMPLAJNTS</em></span> <span class='ocrx_word' id='word_1_2' title='bbox 624 183 687 215; x_wconf 88' lang='lat' dir='ltr'>OF</span> <span class='ocrx_word' id='word_1_3' title='bbox 716 182 816 214; x_wconf 85' lang='lat' dir='ltr'>THE</span> <span class='ocrx_word' id='word_1_4' title='bbox 851 181 1110 213; x_wconf 82' lang='lat' dir='ltr'><em>TRIBUNES.</em></span> <span class='ocrx_word' id='word_1_5' title='bbox 1268 181 1323 226; x_wconf 78' lang='lat'>35</span> 
     </span>
    </p>
   </div>
   <div class='ocr_carea' id='block_1_2' title="bbox 62 275 1563 2025">
    <p class='ocr_par' dir='ltr' id='par_1_2' title="bbox 63 275 1526 458">
     <span class='ocr_line' id='line_1_2' title="bbox 63 275 1526 330; baseline -0.004 -14"><span class='ocrx_word' id='word_1_6' title='bbox 63 291 182 330; x_wconf 85' lang='lat' dir='ltr'>quam</span> <span class='ocrx_word' id='word_1_7' title='bbox 196 278 396 324; x_wconf 86' lang='lat' dir='ltr'>Veientes;</span> <span class='ocrx_word' id='word_1_8' title='bbox 424 278 565 327; x_wconf 86' lang='lat' dir='ltr'><strong>quippe</strong></span> <span class='ocrx_word' id='word_1_9' title='bbox 594 277 676 315; x_wconf 93' lang='lat' dir='ltr'>illos</span> <span class='ocrx_word' id='word_1_10' title='bbox 700 277 865 314; x_wconf 85' lang='lat' dir='ltr'><strong>hiemem</strong></span> <span class='ocrx_word' id='word_1_11' title='bbox 885 277 955 313; x_wconf 91' lang='lat' dir='ltr'>sub</span> <span class='ocrx_word' id='word_1_12' title='bbox 974 276 1081 313; x_wconf 85' lang='lat' dir='ltr'>tectis</span> <span class='ocrx_word' id='word_1_13' title='bbox 1101 275 1178 312; x_wconf 88' lang='lat' dir='ltr'>suis</span> <span class='ocrx_word' id='word_1_14' title='bbox 1199 286 1322 323; x_wconf 86' lang='lat' dir='ltr'>agere,</span> <span class='ocrx_word' id='word_1_15' title='bbox 1337 283 1418 311; x_wconf 60' lang='lat' dir='ltr'>nc.</span> <span class='ocrx_word' id='word_1_16' title='bbox 1436 284 1526 311; x_wconf 79' lang='lat'><strong>403.</strong></span> 
     </span>
     <span class='ocr_line' id='line_1_3' title="bbox 66 339 1352 393; baseline -0.004 -12"><span class='ocrx_word' id='word_1_17' title='bbox 66 344 229 393; x_wconf 78' lang='lat' dir='ltr'>egregiis</span> <span class='ocrx_word' id='word_1_18' title='bbox 264 344 381 380; x_wconf 88' lang='lat' dir='ltr'>muris</span> <span class='ocrx_word' id='word_1_19' title='bbox 417 343 564 392; x_wconf 89' lang='lat' dir='ltr'>situque</span> <span class='ocrx_word' id='word_1_20' title='bbox 600 342 761 379; x_wconf 75' lang='lat' dir='ltr'>naturali</span> <span class='ocrx_word' id='word_1_21' title='bbox 793 343 925 378; x_wconf 91' lang='lat' dir='ltr'>urbem</span> <span class='ocrx_word' id='word_1_22' title='bbox 959 347 1133 384; x_wconf 85' lang='lat' dir='ltr'>tutantes,</span> <span class='ocrx_word' id='word_1_23' title='bbox 1163 339 1352 382; x_wconf 70' lang='lat' dir='ltr'>militem?</span> 
     </span>
     <span class='ocr_line' id='line_1_4' title="bbox 67 406 1320 458; baseline -0.005 -11"><span class='ocrx_word' id='word_1_24' title='bbox 67 409 288 447; x_wconf 85' lang='lat' dir='ltr'>Romanurn</span> <span class='ocrx_word' id='word_1_25' title='bbox 310 410 348 446; x_wconf 94' lang='lat' dir='ltr'>in</span> <span class='ocrx_word' id='word_1_26' title='bbox 368 421 483 458; x_wconf 92' lang='lat' dir='ltr'>opere</span> <span class='ocrx_word' id='word_1_27' title='bbox 504 420 548 446; x_wconf 83' lang='lat' dir='ltr'>ac</span> <span class='ocrx_word' id='word_1_28' title='bbox 569 408 711 453; x_wconf 86' lang='lat' dir='ltr'>labore,</span> <span class='ocrx_word' id='word_1_29' title='bbox 729 407 874 444; x_wconf 86' lang='lat' dir='ltr'>nivibus</span> <span class='ocrx_word' id='word_1_30' title='bbox 894 406 1114 456; x_wconf 81' lang='lat' dir='ltr'>pruinisque</span> <span class='ocrx_word' id='word_1_31' title='bbox 1131 406 1320 451; x_wconf 84' lang='lat' dir='ltr'>obrutum,</span> 
     </span>
    </p>

    <p class='ocr_par' dir='ltr' id='par_1_3' title="bbox 65 471 1354 589">
     <span class='ocr_line' id='line_1_5' title="bbox 65 471 1321 524; baseline -0.005 -12"><span class='ocrx_word' id='word_1_32' title='bbox 65 475 136 512; x_wconf 85' lang='lat' dir='ltr'>sub</span> <span class='ocrx_word' id='word_1_33' title='bbox 152 475 311 524; x_wconf 90' lang='lat' dir='ltr'>pellibus</span> <span class='ocrx_word' id='word_1_34' title='bbox 332 475 477 519; x_wconf 86' lang='lat' dir='ltr'>durare,</span> <span class='ocrx_word' id='word_1_35' title='bbox 491 486 539 510; x_wconf 90' lang='lat' dir='ltr'>ne</span> <span class='ocrx_word' id='word_1_36' title='bbox 559 473 694 510; x_wconf 91' lang='lat' dir='ltr'>hiemis</span> <span class='ocrx_word' id='word_1_37' title='bbox 714 473 870 522; x_wconf 88' lang='lat' dir='ltr'>quidem</span> <span class='ocrx_word' id='word_1_38' title='bbox 885 471 1020 520; x_wconf 85' lang='lat' dir='ltr'>spatio,</span> <span class='ocrx_word' id='word_1_39' title='bbox 1035 483 1132 520; x_wconf 87' lang='lat' dir='ltr'>quae</span> <span class='ocrx_word' id='word_1_40' title='bbox 1147 471 1321 507; x_wconf 89' lang='lat' dir='ltr'>omniurn</span> 
     </span>
     <span class='ocr_line' id='line_1_6' title="bbox 66 523 1354 589; baseline -0.004 -12"><span class='ocrx_word' id='word_1_41' title='bbox 66 540 253 578; x_wconf 89' lang='lat' dir='ltr'>bellorum</span> <span class='ocrx_word' id='word_1_42' title='bbox 274 547 371 578; x_wconf 86' lang='lat' dir='ltr'>terra</span> <span class='ocrx_word' id='word_1_43' title='bbox 390 540 563 589; x_wconf 89' lang='lat' dir='ltr'>marique</span> <span class='ocrx_word' id='word_1_44' title='bbox 583 539 631 575; x_wconf 89' lang='lat' dir='ltr'>sit</span> <span class='ocrx_word' id='word_1_45' title='bbox 651 539 769 587; x_wconf 87' lang='lat' dir='ltr'>quies,</span> <span class='ocrx_word' id='word_1_46' title='bbox 792 549 899 575; x_wconf 85' lang='lat' dir='ltr'>arma</span> <span class='ocrx_word' id='word_1_47' title='bbox 919 537 1187 585; x_wconf 78' lang='lat' dir='ltr'>deponentem,</span> <span class='ocrx_word' id='word_1_48' title='bbox 1231 523 1321 573; x_wconf 80' lang='lat' dir='ltr'>Hoc</span> <span class='ocrx_word' id='word_1_49' title='bbox 1336 543 1354 572; x_wconf 84' lang='lat'><em>8</em></span> 
     </span>
    </p>

    <p class='ocr_par' dir='ltr' id='par_1_4' title="bbox 64 592 1483 719">
     <span class='ocr_line' id='line_1_7' title="bbox 65 592 1483 655; baseline -0.004 -13"><span class='ocrx_word' id='word_1_50' title='bbox 65 618 112 642; x_wconf 91' lang='lat' dir='ltr'>ne</span> <span class='ocrx_word' id='word_1_51' title='bbox 143 617 189 643; x_wconf 89' lang='lat' dir='ltr'>ue</span> <span class='ocrx_word' id='word_1_52' title='bbox 219 618 325 655; x_wconf 85' lang='lat' dir='ltr'>reges</span> <span class='ocrx_word' id='word_1_53' title='bbox 360 617 484 655; x_wconf 89' lang='lat' dir='ltr'>neque</span> <span class='ocrx_word' id='word_1_54' title='bbox 514 611 602 642; x_wconf 84' lang='lat' dir='ltr'>ante</span> <span class='ocrx_word' id='word_1_55' title='bbox 630 604 873 650; x_wconf 75' lang='lat' dir='ltr'>tribuniciam</span> <span class='ocrx_word' id='word_1_56' title='bbox 901 609 1125 651; x_wconf 82' lang='lat' dir='ltr'>potestatem</span> <span class='ocrx_word' id='word_1_57' title='bbox 1155 608 1321 638; x_wconf 83' lang='lat' dir='ltr'>creatam</span> <span class='ocrx_word' id='word_1_58' title='bbox 1382 592 1483 638; x_wconf 62' lang='lat'>“⁴9³’&#39;</span> 
     </span>
     <span class='ocr_line' id='line_1_8' title="bbox 64 639 1321 719; baseline -0.005 -12"><span class='ocrx_word' id='word_1_59' title='bbox 64 639 252 719; x_wconf 47' lang='lat' dir='ltr'>superbos</span> <span class='ocrx_word' id='word_1_60' title='bbox 281 670 365 708; x_wconf 89' lang='lat' dir='ltr'>illos</span> <span class='ocrx_word' id='word_1_61' title='bbox 395 669 571 707; x_wconf 88' lang='lat' dir='ltr'>consules</span> <span class='ocrx_word' id='word_1_62' title='bbox 600 682 725 718; x_wconf 88' lang='lat' dir='ltr'>neque</span> <span class='ocrx_word' id='word_1_63' title='bbox 749 659 857 705; x_wconf 52' lang='lat' dir='ltr'>vtriste</span> <span class='ocrx_word' id='word_1_64' title='bbox 893 668 1085 705; x_wconf 85' lang='lat' dir='ltr'>dictatoris</span> <span class='ocrx_word' id='word_1_65' title='bbox 1120 666 1321 715; x_wconf 87' lang='lat' dir='ltr'>imperium</span> 
     </span>
    </p>

    <p class='ocr_par' dir='ltr' id='par_1_5' title="bbox 64 720 1537 851">
     <span class='ocr_line' id='line_1_9' title="bbox 65 720 1537 785; baseline -0.005 -12"><span class='ocrx_word' id='word_1_66' title='bbox 65 748 190 785; x_wconf 89' lang='lat' dir='ltr'>neque</span> <span class='ocrx_word' id='word_1_67' title='bbox 235 736 476 784; x_wconf 88' lang='lat' dir='ltr'>importunos</span> <span class='ocrx_word' id='word_1_68' title='bbox 520 735 759 772; x_wconf 81' lang='lat' dir='ltr'>decemviros</span> <span class='ocrx_word' id='word_1_69' title='bbox 804 733 1012 770; x_wconf 87' lang='lat' dir='ltr'>iniunxisse</span> <span class='ocrx_word' id='word_1_70' title='bbox 1058 720 1253 776; x_wconf 35' lang='lat' dir='ltr'>seruitutis</span> <span class='ocrx_word' id='word_1_71' title='bbox 1284 738 1324 768; x_wconf 90' lang='lat' dir='ltr'>ut</span> <span class='ocrx_word' id='word_1_72' title='bbox 1376 731 1403 759; x_wconf 53' lang='grc' dir='ltr'>Α</span> <span class='ocrx_word' id='word_1_73' title='bbox 1421 724 1537 756; x_wconf 59' lang='lat' dir='ltr'>ss-A-</span> 
     </span>
     <span class='ocr_line' id='line_1_10' title="bbox 64 797 1322 851; baseline -0.004 -13"><span class='ocrx_word' id='word_1_74' title='bbox 64 813 275 851; x_wconf 87' lang='lat' dir='ltr'>perennem</span> <span class='ocrx_word' id='word_1_75' title='bbox 314 800 487 837; x_wconf 85' lang='lat' dir='ltr'>militiam</span> <span class='ocrx_word' id='word_1_76' title='bbox 525 800 701 837; x_wconf 86' lang='lat' dir='ltr'>facerent.</span> <span class='ocrx_word' id='word_1_77' title='bbox 760 799 880 846; x_wconf 85' lang='lat' dir='ltr'>Quod</span> <span class='ocrx_word' id='word_1_78' title='bbox 913 798 1051 835; x_wconf 90' lang='lat' dir='ltr'>tribuni</span> <span class='ocrx_word' id='word_1_79' title='bbox 1089 797 1250 834; x_wconf 86' lang='lat' dir='ltr'>militurn</span> <span class='ocrx_word' id='word_1_80' title='bbox 1285 797 1322 832; x_wconf 91' lang='lat' dir='ltr'>in</span> 
     </span>
    </p>

    <p class='ocr_par' dir='ltr' id='par_1_6' title="bbox 62 861 1356 979">
     <span class='ocr_line' id='line_1_11' title="bbox 65 861 1356 916; baseline -0.004 -13"><span class='ocrx_word' id='word_1_81' title='bbox 65 867 175 916; x_wconf 87' lang='lat' dir='ltr'>plebe</span> <span class='ocrx_word' id='word_1_82' title='bbox 197 866 377 904; x_wconf 84' lang='lat' dir='ltr'>Romana</span> <span class='ocrx_word' id='word_1_83' title='bbox 396 878 560 914; x_wconf 87' lang='lat' dir='ltr'>regnum</span> <span class='ocrx_word' id='word_1_84' title='bbox 575 865 821 902; x_wconf 81' lang='lat' dir='ltr'>exercerent?</span> <span class='ocrx_word' id='word_1_85' title='bbox 870 863 1067 910; x_wconf 81' lang='lat' dir='ltr'>Quidnam</span> <span class='ocrx_word' id='word_1_86' title='bbox 1083 863 1132 900; x_wconf 89' lang='lat' dir='ltr'>illi</span> <span class='ocrx_word' id='word_1_87' title='bbox 1149 861 1324 900; x_wconf 88' lang='lat' dir='ltr'>consules</span> <span class='ocrx_word' id='word_1_88' title='bbox 1338 871 1356 899; x_wconf 81' lang='grc'>9</span> 
     </span>
     <span class='ocr_line' id='line_1_12' title="bbox 62 928 1325 979; baseline -0.004 -11"><span class='ocrx_word' id='word_1_89' title='bbox 62 931 310 969; x_wconf 85' lang='lat' dir='ltr'>dictatoresve</span> <span class='ocrx_word' id='word_1_90' title='bbox 345 931 479 968; x_wconf 86' lang='lat' dir='ltr'>facturi</span> <span class='ocrx_word' id='word_1_91' title='bbox 512 937 648 975; x_wconf 81' lang='lat' dir='ltr'>essent,</span> <span class='ocrx_word' id='word_1_92' title='bbox 677 930 742 979; x_wconf 87' lang='lat' dir='ltr'>qui</span> <span class='ocrx_word' id='word_1_93' title='bbox 774 929 1086 979; x_wconf 77' lang='lat' dir='ltr'>proconsularem</span> <span class='ocrx_word' id='word_1_94' title='bbox 1119 928 1325 977; x_wconf 82' lang='lat' dir='ltr'>imaginem</span> 
     </span>
    </p>

    <p class='ocr_par' dir='ltr' id='par_1_7' title="bbox 64 992 1326 1109">
     <span class='ocr_line' id='line_1_13' title="bbox 64 992 1326 1034; baseline -0.004 -1"><span class='ocrx_word' id='word_1_95' title='bbox 64 1003 143 1033; x_wconf 86' lang='lat' dir='ltr'>tam</span> <span class='ocrx_word' id='word_1_96' title='bbox 172 1008 325 1034; x_wconf 85' lang='lat' dir='ltr'>saevam</span> <span class='ocrx_word' id='word_1_97' title='bbox 357 1008 402 1033; x_wconf 85' lang='lat' dir='ltr'>ac</span> <span class='ocrx_word' id='word_1_98' title='bbox 432 1003 579 1032; x_wconf 87' lang='lat' dir='ltr'>trucem</span> <span class='ocrx_word' id='word_1_99' title='bbox 609 996 791 1032; x_wconf 88' lang='lat' dir='ltr'>fecerint?</span> <span class='ocrx_word' id='word_1_100' title='bbox 851 994 926 1031; x_wconf 87' lang='lat' dir='ltr'>Sed</span> <span class='ocrx_word' id='word_1_101' title='bbox 955 994 993 1031; x_wconf 93' lang='lat' dir='ltr'>id</span> <span class='ocrx_word' id='word_1_102' title='bbox 1022 993 1193 1031; x_wconf 86' lang='lat' dir='ltr'>accidere</span> <span class='ocrx_word' id='word_1_103' title='bbox 1223 992 1326 1029; x_wconf 84' lang='lat' dir='ltr'>haud</span> 
     </span>
     <span class='ocr_line' id='line_1_14' title="bbox 65 1058 1323 1109; baseline -0.005 -10"><span class='ocrx_word' id='word_1_104' title='bbox 65 1062 265 1100; x_wconf 87' lang='lat' dir='ltr'>immerito.</span> <span class='ocrx_word' id='word_1_105' title='bbox 323 1061 416 1098; x_wconf 92' lang='lat' dir='ltr'>Non</span> <span class='ocrx_word' id='word_1_106' title='bbox 438 1061 552 1099; x_wconf 88' lang='lat' dir='ltr'>fuisse</span> <span class='ocrx_word' id='word_1_107' title='bbox 573 1073 620 1098; x_wconf 90' lang='lat' dir='ltr'>ne</span> <span class='ocrx_word' id='word_1_108' title='bbox 641 1061 679 1097; x_wconf 91' lang='lat' dir='ltr'>in</span> <span class='ocrx_word' id='word_1_109' title='bbox 699 1068 789 1098; x_wconf 89' lang='lat' dir='ltr'>octo</span> <span class='ocrx_word' id='word_1_110' title='bbox 809 1060 964 1109; x_wconf 90' lang='lat' dir='ltr'>quidem</span> <span class='ocrx_word' id='word_1_111' title='bbox 985 1060 1144 1097; x_wconf 88' lang='lat' dir='ltr'>tribunis</span> <span class='ocrx_word' id='word_1_112' title='bbox 1163 1058 1323 1095; x_wconf 89' lang='lat' dir='ltr'>militum</span> 
     </span>
    </p>

    <p class='ocr_par' dir='ltr' id='par_1_8' title="bbox 64 1124 1460 1435">
     <span class='ocr_line' id='line_1_15' title="bbox 65 1124 1378 1176; baseline -0.002 -12"><span class='ocrx_word' id='word_1_113' title='bbox 65 1127 193 1165; x_wconf 85' lang='lat' dir='ltr'>locum</span> <span class='ocrx_word' id='word_1_114' title='bbox 230 1127 296 1163; x_wconf 91' lang='lat' dir='ltr'>ulli</span> <span class='ocrx_word' id='word_1_115' title='bbox 331 1128 494 1176; x_wconf 87' lang='lat' dir='ltr'>plebeio.</span> <span class='ocrx_word' id='word_1_116' title='bbox 551 1126 676 1163; x_wconf 80' lang='lat' dir='ltr'>Antea</span> <span class='ocrx_word' id='word_1_117' title='bbox 710 1127 808 1175; x_wconf 67' lang='lat' dir='ltr'>tQ</span> <span class='ocrx_word' id='word_1_118' title='bbox 841 1125 927 1162; x_wconf 89' lang='lat' dir='ltr'>loca</span> <span class='ocrx_word' id='word_1_119' title='bbox 958 1137 1046 1162; x_wconf 89' lang='lat' dir='ltr'>curn</span> <span class='ocrx_word' id='word_1_120' title='bbox 1082 1124 1323 1161; x_wconf 90' lang='lat' dir='ltr'>contentione</span> <span class='ocrx_word' id='word_1_121' title='bbox 1339 1134 1378 1163; x_wconf 87' lang='lat'>10</span> 
     </span>
     <span class='ocr_line' id='line_1_16' title="bbox 64 1188 1460 1241; baseline -0.004 -12"><span class='ocrx_word' id='word_1_122' title='bbox 64 1204 215 1229; x_wconf 89' lang='lat' dir='ltr'>summa</span> <span class='ocrx_word' id='word_1_123' title='bbox 242 1193 422 1241; x_wconf 85' lang='lat' dir='ltr'>patricios</span> <span class='ocrx_word' id='word_1_124' title='bbox 447 1191 602 1241; x_wconf 82' lang='lat' dir='ltr'>explere</span> <span class='ocrx_word' id='word_1_125' title='bbox 632 1192 787 1238; x_wconf 86' lang='lat' dir='ltr'>solitos,·</span> <span class='ocrx_word' id='word_1_126' title='bbox 819 1203 921 1227; x_wconf 88' lang='lat' dir='ltr'>nunc</span> <span class='ocrx_word' id='word_1_127' title='bbox 949 1191 1024 1226; x_wconf 84' lang='lat' dir='ltr'>iam</span> <span class='ocrx_word' id='word_1_128' title='bbox 1051 1190 1248 1238; x_wconf 86' lang='lat' dir='ltr'>octoiuges</span> <span class='ocrx_word' id='word_1_129' title='bbox 1274 1188 1323 1225; x_wconf 85' lang='lat' dir='ltr'>ad</span> <span class='ocrx_word' id='word_1_130' title='bbox 1339 1202 1350 1214; x_wconf 56' lang='lat'><em>2</em></span> <span class='ocrx_word' id='word_1_131' title='bbox 1452 1197 1460 1209; x_wconf 57' lang='lat'><strong><em>³</em></strong></span> 
     </span>
     <span class='ocr_line' id='line_1_17' title="bbox 65 1254 1323 1307; baseline -0.003 -13"><span class='ocrx_word' id='word_1_132' title='bbox 65 1258 224 1307; x_wconf 85' lang='lat' dir='ltr'>imperia</span> <span class='ocrx_word' id='word_1_133' title='bbox 258 1257 469 1295; x_wconf 84' lang='lat' dir='ltr'>obtinenda</span> <span class='ocrx_word' id='word_1_134' title='bbox 504 1258 567 1303; x_wconf 72' lang='lat' dir='ltr'>ire,</span> <span class='ocrx_word' id='word_1_135' title='bbox 598 1265 635 1295; x_wconf 92' lang='lat' dir='ltr'>et</span> <span class='ocrx_word' id='word_1_136' title='bbox 668 1270 715 1294; x_wconf 92' lang='lat' dir='ltr'>ne</span> <span class='ocrx_word' id='word_1_137' title='bbox 754 1258 793 1294; x_wconf 88' lang='lat' dir='ltr'>in</span> <span class='ocrx_word' id='word_1_138' title='bbox 830 1257 941 1293; x_wconf 87' lang='lat' dir='ltr'>turba</span> <span class='ocrx_word' id='word_1_139' title='bbox 980 1255 1135 1305; x_wconf 89' lang='lat' dir='ltr'>quidem</span> <span class='ocrx_word' id='word_1_140' title='bbox 1170 1254 1323 1291; x_wconf 85' lang='lat' dir='ltr'>haerere</span> 
     </span>
     <span class='ocr_line' id='line_1_18' title="bbox 65 1320 1376 1372; baseline -0.003 -12"><span class='ocrx_word' id='word_1_141' title='bbox 65 1323 255 1372; x_wconf 89' lang='lat' dir='ltr'>plebeium</span> <span class='ocrx_word' id='word_1_142' title='bbox 275 1335 523 1372; x_wconf 87' lang='lat' dir='ltr'>quemquam,</span> <span class='ocrx_word' id='word_1_143' title='bbox 537 1323 613 1372; x_wconf 89' lang='lat' dir='ltr'>qui,</span> <span class='ocrx_word' id='word_1_144' title='bbox 630 1323 661 1359; x_wconf 92' lang='lat' dir='ltr'>si</span> <span class='ocrx_word' id='word_1_145' title='bbox 682 1323 773 1359; x_wconf 88' lang='lat' dir='ltr'>nihil</span> <span class='ocrx_word' id='word_1_146' title='bbox 793 1322 905 1366; x_wconf 86' lang='lat' dir='ltr'>aliud,</span> <span class='ocrx_word' id='word_1_147' title='bbox 921 1321 1126 1357; x_wconf 83' lang='lat' dir='ltr'>admoneat</span> <span class='ocrx_word' id='word_1_148' title='bbox 1147 1320 1323 1368; x_wconf 88' lang='lat' dir='ltr'>collegas,</span> <span class='ocrx_word' id='word_1_149' title='bbox 1340 1329 1376 1357; x_wconf 85' lang='grc'>11</span> 
     </span>
     <span class='ocr_line' id='line_1_19' title="bbox 64 1384 1324 1435; baseline -0.003 -10"><span class='ocrx_word' id='word_1_150' title='bbox 64 1388 204 1426; x_wconf 87' lang='lat' dir='ltr'>liberos</span> <span class='ocrx_word' id='word_1_151' title='bbox 235 1395 273 1425; x_wconf 87' lang='lat' dir='ltr'>et</span> <span class='ocrx_word' id='word_1_152' title='bbox 303 1389 404 1426; x_wconf 91' lang='lat' dir='ltr'>cives</span> <span class='ocrx_word' id='word_1_153' title='bbox 433 1400 580 1434; x_wconf 89' lang='lat' dir='ltr'>eorum,</span> <span class='ocrx_word' id='word_1_154' title='bbox 602 1401 683 1426; x_wconf 90' lang='lat' dir='ltr'>non</span> <span class='ocrx_word' id='word_1_155' title='bbox 713 1400 842 1425; x_wconf 86' lang='lat' dir='ltr'>servos</span> <span class='ocrx_word' id='word_1_156' title='bbox 876 1386 1048 1431; x_wconf 86' lang='lat' dir='ltr'>militare,</span> <span class='ocrx_word' id='word_1_157' title='bbox 1070 1397 1168 1435; x_wconf 87' lang='lat' dir='ltr'>quos</span> <span class='ocrx_word' id='word_1_158' title='bbox 1198 1384 1324 1422; x_wconf 89' lang='lat' dir='ltr'>hieme</span> 
     </span>
    </p>

    <p class='ocr_par' dir='ltr' id='par_1_9' title="bbox 65 1451 1380 1502">
     <span class='ocr_line' id='line_1_20' title="bbox 65 1451 1380 1502; baseline -0.003 -12"><span class='ocrx_word' id='word_1_159' title='bbox 65 1454 199 1491; x_wconf 87' lang='lat' dir='ltr'>saltem</span> <span class='ocrx_word' id='word_1_160' title='bbox 219 1454 258 1490; x_wconf 92' lang='lat' dir='ltr'>in</span> <span class='ocrx_word' id='word_1_161' title='bbox 276 1454 417 1491; x_wconf 90' lang='lat' dir='ltr'>domos</span> <span class='ocrx_word' id='word_1_162' title='bbox 435 1466 481 1491; x_wconf 89' lang='lat' dir='ltr'>ac</span> <span class='ocrx_word' id='word_1_163' title='bbox 502 1460 601 1491; x_wconf 83' lang='lat' dir='ltr'>tecta</span> <span class='ocrx_word' id='word_1_164' title='bbox 621 1454 750 1491; x_wconf 88' lang='lat' dir='ltr'>reduci</span> <span class='ocrx_word' id='word_1_165' title='bbox 766 1459 939 1502; x_wconf 83' lang='lat' dir='ltr'>oporteat</span> <span class='ocrx_word' id='word_1_166' title='bbox 958 1458 994 1489; x_wconf 86' lang='lat' dir='ltr'>et</span> <span class='ocrx_word' id='word_1_167' title='bbox 1010 1451 1137 1500; x_wconf 84' lang='lat' dir='ltr'>aliquo</span> <span class='ocrx_word' id='word_1_168' title='bbox 1153 1457 1324 1499; x_wconf 89' lang='lat' dir='ltr'>tempore</span> <span class='ocrx_word' id='word_1_169' title='bbox 1340 1460 1380 1491; x_wconf 78' lang='lat'>12</span> 
     </span>
    </p>

    <p class='ocr_par' dir='ltr' id='par_1_10' title="bbox 63 1518 1563 1829">
     <span class='ocr_line' id='line_1_21' title="bbox 63 1518 1324 1570; baseline -0.002 -15"><span class='ocrx_word' id='word_1_170' title='bbox 63 1519 155 1556; x_wconf 89' lang='lat' dir='ltr'>anni</span> <span class='ocrx_word' id='word_1_171' title='bbox 176 1526 352 1568; x_wconf 89' lang='lat' dir='ltr'>parentes</span> <span class='ocrx_word' id='word_1_172' title='bbox 372 1520 587 1570; x_wconf 90' lang='lat' dir='ltr'>liberosque</span> <span class='ocrx_word' id='word_1_173' title='bbox 615 1532 660 1556; x_wconf 84' lang='lat' dir='ltr'>ac</span> <span class='ocrx_word' id='word_1_174' title='bbox 685 1519 866 1567; x_wconf 88' lang='lat' dir='ltr'>coniuges</span> <span class='ocrx_word' id='word_1_175' title='bbox 893 1518 1051 1554; x_wconf 90' lang='lat' dir='ltr'>invisere</span> <span class='ocrx_word' id='word_1_176' title='bbox 1079 1524 1115 1554; x_wconf 92' lang='lat' dir='ltr'>et</span> <span class='ocrx_word' id='word_1_177' title='bbox 1139 1528 1324 1565; x_wconf 87' lang='lat' dir='ltr'>usurpare</span> 
     </span>
     <span class='ocr_line' id='line_1_22' title="bbox 65 1581 1376 1634; baseline -0.003 -12"><span class='ocrx_word' id='word_1_178' title='bbox 65 1585 277 1622; x_wconf 86' lang='lat' dir='ltr'>libertatem</span> <span class='ocrx_word' id='word_1_179' title='bbox 309 1591 347 1622; x_wconf 90' lang='lat' dir='ltr'>et</span> <span class='ocrx_word' id='word_1_180' title='bbox 375 1598 503 1622; x_wconf 86' lang='lat' dir='ltr'>creare</span> <span class='ocrx_word' id='word_1_181' title='bbox 534 1585 787 1634; x_wconf 80' lang='lat' dir='ltr'>magistratus.</span> <span class='ocrx_word' id='word_1_182' title='bbox 845 1583 956 1620; x_wconf 90' lang='lat' dir='ltr'>Haec</span> <span class='ocrx_word' id='word_1_183' title='bbox 988 1583 1151 1632; x_wconf 86' lang='lat' dir='ltr'>taliaque</span> <span class='ocrx_word' id='word_1_184' title='bbox 1184 1581 1322 1619; x_wconf 89' lang='lat' dir='ltr'>vocife-</span> <span class='ocrx_word' id='word_1_185' title='bbox 1339 1590 1376 1619; x_wconf 88' lang='lat'>13</span> 
     </span>
     <span class='ocr_line' id='line_1_23' title="bbox 65 1646 1321 1698; baseline -0.003 -12"><span class='ocrx_word' id='word_1_186' title='bbox 65 1656 191 1687; x_wconf 90' lang='lat' dir='ltr'>rantes</span> <span class='ocrx_word' id='word_1_187' title='bbox 244 1650 505 1687; x_wconf 82' lang='lat' dir='ltr'>adversarium</span> <span class='ocrx_word' id='word_1_188' title='bbox 552 1649 655 1687; x_wconf 86' lang='lat' dir='ltr'>haud</span> <span class='ocrx_word' id='word_1_189' title='bbox 702 1650 888 1698; x_wconf 90' lang='lat' dir='ltr'>imparem</span> <span class='ocrx_word' id='word_1_190' title='bbox 935 1649 1035 1685; x_wconf 88' lang='lat' dir='ltr'>nacti</span> <span class='ocrx_word' id='word_1_191' title='bbox 1084 1653 1170 1684; x_wconf 87' lang='lat' dir='ltr'>sunt</span> <span class='ocrx_word' id='word_1_192' title='bbox 1217 1646 1321 1696; x_wconf 88' lang='lat' dir='ltr'>App.</span> 
     </span>
     <span class='ocr_line' id='line_1_24' title="bbox 65 1706 1563 1763; baseline -0.003 -11"><span class='ocrx_word' id='word_1_193' title='bbox 65 1714 283 1761; x_wconf 90' lang='lat' dir='ltr'>Claudiurn,</span> <span class='ocrx_word' id='word_1_194' title='bbox 313 1716 486 1753; x_wconf 90' lang='lat' dir='ltr'>relictum</span> <span class='ocrx_word' id='word_1_195' title='bbox 522 1728 546 1752; x_wconf 85' lang='lat' dir='ltr'>a</span> <span class='ocrx_word' id='word_1_196' title='bbox 584 1715 739 1763; x_wconf 89' lang='lat' dir='ltr'>collegis</span> <span class='ocrx_word' id='word_1_197' title='bbox 777 1714 826 1751; x_wconf 77' lang='lat' dir='ltr'>ad</span> <span class='ocrx_word' id='word_1_198' title='bbox 863 1706 1083 1750; x_wconf 85' lang='lat' dir='ltr'>tribunicias</span> <span class='ocrx_word' id='word_1_199' title='bbox 1121 1712 1324 1750; x_wconf 85' lang='lat' dir='ltr'>seditiones</span> <span class='ocrx_word' id='word_1_200' title='bbox 1351 1713 1563 1742; x_wconf 33' lang='lat' dir='ltr'>&amp;afflwss</span> 
     </span>
     <span class='ocr_line' id='line_1_25' title="bbox 65 1779 1322 1829; baseline -0.003 -11"><span class='ocrx_word' id='word_1_201' title='bbox 65 1781 386 1829; x_wconf 88' lang='lat' dir='ltr'>comprimendas,</span> <span class='ocrx_word' id='word_1_202' title='bbox 418 1781 539 1818; x_wconf 90' lang='lat' dir='ltr'>virum</span> <span class='ocrx_word' id='word_1_203' title='bbox 577 1781 767 1817; x_wconf 88' lang='lat' dir='ltr'>imbutum</span> <span class='ocrx_word' id='word_1_204' title='bbox 813 1780 889 1815; x_wconf 87' lang='lat' dir='ltr'>iarn</span> <span class='ocrx_word' id='word_1_205' title='bbox 927 1779 976 1815; x_wconf 88' lang='lat' dir='ltr'>ab</span> <span class='ocrx_word' id='word_1_206' title='bbox 1015 1779 1164 1815; x_wconf 87' lang='lat' dir='ltr'>iuventa</span> <span class='ocrx_word' id='word_1_207' title='bbox 1201 1785 1322 1815; x_wconf 84' lang='lat' dir='ltr'>certa-</span> 
     </span>
    </p>

    <p class='ocr_par' dir='ltr' id='par_1_11' title="bbox 64 1842 1375 1961">
     <span class='ocr_line' id='line_1_26' title="bbox 65 1842 1375 1895; baseline -0.003 -13"><span class='ocrx_word' id='word_1_208' title='bbox 65 1846 233 1883; x_wconf 89' lang='lat' dir='ltr'>minibus</span> <span class='ocrx_word' id='word_1_209' title='bbox 253 1847 422 1895; x_wconf 89' lang='lat' dir='ltr'>plebeiis‚</span> <span class='ocrx_word' id='word_1_210' title='bbox 443 1858 560 1895; x_wconf 88' lang='lat' dir='ltr'>quem</span> <span class='ocrx_word' id='word_1_211' title='bbox 583 1854 777 1883; x_wconf 84' lang='lat' dir='ltr'>auctorem</span> <span class='ocrx_word' id='word_1_212' title='bbox 798 1845 943 1893; x_wconf 83' lang='lat' dir='ltr'>aliquot</span> <span class='ocrx_word' id='word_1_213' title='bbox 962 1844 1072 1880; x_wconf 82' lang='lat' dir='ltr'>annis</span> <span class='ocrx_word' id='word_1_214' title='bbox 1098 1849 1186 1879; x_wconf 89' lang='lat' dir='ltr'>ante</span> <span class='ocrx_word' id='word_1_215' title='bbox 1206 1842 1322 1879; x_wconf 84' lang='lat' dir='ltr'>fuisse</span> <span class='ocrx_word' id='word_1_216' title='bbox 1338 1843 1375 1873; x_wconf 85' lang='grc'>14</span> 
     </span>
     <span class='ocr_line' id='line_1_27' title="bbox 64 1906 1322 1961; baseline -0.003 -14"><span class='ocrx_word' id='word_1_217' title='bbox 64 1918 319 1948; x_wconf 89' lang='lat' dir='ltr'>memoratum</span> <span class='ocrx_word' id='word_1_218' title='bbox 345 1918 401 1949; x_wconf 89' lang='lat' dir='ltr'>est</span> <span class='ocrx_word' id='word_1_219' title='bbox 426 1924 494 1961; x_wconf 90' lang='lat' dir='ltr'>per</span> <span class='ocrx_word' id='word_1_220' title='bbox 514 1911 746 1960; x_wconf 86' lang='lat' dir='ltr'>collegarum</span> <span class='ocrx_word' id='word_1_221' title='bbox 771 1906 1081 1947; x_wconf 85' lang='lat' dir='ltr'>intercessionem</span> <span class='ocrx_word' id='word_1_222' title='bbox 1102 1908 1322 1944; x_wconf 83' lang='lat' dir='ltr'>tribuniciae</span> 
     </span>
    </p>

    <p class='ocr_par' dir='ltr' id='par_1_12' title="bbox 66 1971 849 2025">
     <span class='ocr_line' id='line_1_28' title="bbox 66 1971 849 2025; baseline -0.003 -11"><span class='ocrx_word' id='word_1_223' title='bbox 66 1977 263 2025; x_wconf 87' lang='lat' dir='ltr'>potestatis</span> <span class='ocrx_word' id='word_1_224' title='bbox 287 1977 562 2014; x_wconf 82' lang='lat' dir='ltr'>dissolvendae.</span> <span class='ocrx_word' id='word_1_225' title='bbox 582 1973 671 2009; x_wconf 50' lang='lat' dir='ltr'>&amp;a</span> <span class='ocrx_word' id='word_1_226' title='bbox 690 1979 776 2018; x_wconf 47' lang='grc' dir='ltr'>Μυῒ*</span> <span class='ocrx_word' id='word_1_227' title='bbox 797 1971 849 2021; x_wconf 58' lang='grc' dir='ltr'>«ᾐῖ</span> 
     </span>
    </p>
   </div>
   <div class='ocr_carea' id='block_1_3' title="bbox 1551 690 1582 754">
    <p class='ocr_par' dir='ltr' id='par_1_13' title="bbox 1551 690 1582 754">
     <span class='ocr_line' id='line_1_29' title="bbox 1551 690 1582 754; baseline -0.355 1"><span class='ocrx_word' id='word_1_228' title='bbox 1551 690 1582 754; x_wconf 64' lang='grc' dir='ltr'>ὲ.</span> 
     </span>
    </p>
   </div>
   <div class='ocr_carea' id='block_1_4' title="bbox 1170 1295 1321 1302">
    <p class='ocr_par' dir='ltr' id='par_1_14' title="bbox 1170 1295 1321 1302">
     <span class='ocr_line' id='line_1_30' title="bbox 1170 1295 1321 1302; baseline 0 1241"><span class='ocrx_word' id='word_1_229' title='bbox 1170 1295 1321 1302; x_wconf 95' lang='lat' dir='ltr'> </span> 
     </span>
    </p>
   </div>
   <div class='ocr_carea' id='block_1_5' title="bbox 753 1299 941 1306">
    <p class='ocr_par' dir='ltr' id='par_1_15' title="bbox 753 1299 941 1306">
     <span class='ocr_line' id='line_1_31' title="bbox 753 1299 941 1306; baseline 0 1237"><span class='ocrx_word' id='word_1_230' title='bbox 753 1299 941 1306; x_wconf 95' lang='lat' dir='ltr'> </span> 
     </span>
    </p>
   </div>
   <div class='ocr_carea' id='block_1_6' title="bbox 65 2075 1467 2223">
    <p class='ocr_par' dir='ltr' id='par_1_16' title="bbox 65 2075 1467 2223">
     <span class='ocr_line' id='line_1_32' title="bbox 65 2075 1467 2118; baseline -0.004 -10"><span class='ocrx_word' id='word_1_231' title='bbox 65 2078 196 2118; x_wconf 77' lang='lat' dir='ltr'>Appius</span> <span class='ocrx_word' id='word_1_232' title='bbox 216 2079 356 2110; x_wconf 73' lang='lat' dir='ltr'>declares</span> <span class='ocrx_word' id='word_1_233' title='bbox 378 2079 451 2110; x_wconf 79' lang='lat' dir='ltr'><em>llzat</em></span> <span class='ocrx_word' id='word_1_234' title='bbox 470 2080 523 2110; x_wconf 79' lang='lat' dir='ltr'>tlze</span> <span class='ocrx_word' id='word_1_235' title='bbox 543 2079 572 2109; x_wconf 93' lang='lat' dir='ltr'><em>T</em></span> <span class='ocrx_word' id='word_1_236' title='bbox 569 2079 703 2109; x_wconf 79' lang='lat' dir='ltr'>ribunes</span> <span class='ocrx_word' id='word_1_237' title='bbox 723 2078 764 2118; x_wconf 73' lang='lat' dir='ltr'>qs</span> <span class='ocrx_word' id='word_1_238' title='bbox 774 2078 826 2108; x_wconf 75' lang='lat' dir='ltr'>tlze</span> <span class='ocrx_word' id='word_1_239' title='bbox 846 2077 938 2107; x_wconf 61' lang='lat' dir='ltr'>Plebs</span> <span class='ocrx_word' id='word_1_240' title='bbox 958 2086 1014 2106; x_wconf 77' lang='lat' dir='ltr'>are</span> <span class='ocrx_word' id='word_1_241' title='bbox 1033 2075 1175 2115; x_wconf 62' lang='lat' dir='ltr'>selfislzht</span> <span class='ocrx_word' id='word_1_242' title='bbox 1190 2075 1263 2105; x_wconf 75' lang='lat' dir='ltr'>bcnt</span> <span class='ocrx_word' id='word_1_243' title='bbox 1285 2086 1326 2105; x_wconf 85' lang='lat' dir='ltr'>on</span> <span class='ocrx_word' id='word_1_244' title='bbox 1341 2079 1414 2111; x_wconf 74' lang='lat' dir='ltr'>Ch,</span> <span class='ocrx_word' id='word_1_245' title='bbox 1431 2079 1467 2111; x_wconf 69' lang='lat'>3,</span> 
     </span>
     <span class='ocr_line' id='line_1_33' title="bbox 151 2126 1325 2171; baseline -0.003 -12"><span class='ocrx_word' id='word_1_246' title='bbox 151 2129 345 2171; x_wconf 76' lang='lat' dir='ltr'>dz&#39;sturbz&#39;ng</span> <span class='ocrx_word' id='word_1_247' title='bbox 356 2131 408 2162; x_wconf 78' lang='lat' dir='ltr'>the</span> <span class='ocrx_word' id='word_1_248' title='bbox 425 2131 588 2170; x_wconf 79' lang='lat' dir='ltr'>lzarmony</span> <span class='ocrx_word' id='word_1_249' title='bbox 604 2131 740 2160; x_wconf 75' lang='lat' dir='ltr'>between</span> <span class='ocrx_word' id='word_1_250' title='bbox 756 2128 850 2159; x_wconf 69' lang='lat' dir='ltr'><em>Plebs</em></span> <span class='ocrx_word' id='word_1_251' title='bbox 863 2128 936 2158; x_wconf 84' lang='lat' dir='ltr'>and</span> <span class='ocrx_word' id='word_1_252' title='bbox 944 2127 1147 2164; x_wconf 56' lang='lat' dir='ltr'>Patr-iciam,</span> <span class='ocrx_word' id='word_1_253' title='bbox 1159 2136 1200 2157; x_wconf 82' lang='lat' dir='ltr'>on</span> <span class='ocrx_word' id='word_1_254' title='bbox 1217 2126 1325 2156; x_wconf 70' lang='lat' dir='ltr'>wlzz&#39;clz</span> 
     </span>
     <span class='ocr_line' id='line_1_34' title="bbox 152 2181 704 2223; baseline 0.002 -12"><span class='ocrx_word' id='word_1_255' title='bbox 152 2181 205 2211; x_wconf 76' lang='lat' dir='ltr'>the</span> <span class='ocrx_word' id='word_1_256' title='bbox 215 2186 382 2222; x_wconf 76' lang='lat' dir='ltr'>greatness</span> <span class='ocrx_word' id='word_1_257' title='bbox 397 2182 544 2223; x_wconf 77' lang='lat' dir='ltr'>quome</span> <span class='ocrx_word' id='word_1_258' title='bbox 558 2181 704 2222; x_wconf 66' lang='lat' dir='ltr'>depensis.</span> 
     </span>
    </p>
   </div>
   <div class='ocr_carea' id='block_1_7' title="bbox 63 2257 1357 2429">
    <p class='ocr_par' dir='ltr' id='par_1_17' title="bbox 63 2257 1357 2429">
     <span class='ocr_line' id='line_1_35' title="bbox 120 2257 1355 2311; baseline -0.004 -13"><span class='ocrx_word' id='word_1_259' title='bbox 120 2260 159 2298; x_wconf 92' lang='lat' dir='ltr'>Is</span> <span class='ocrx_word' id='word_1_260' title='bbox 194 2268 273 2298; x_wconf 90' lang='lat' dir='ltr'>tum</span> <span class='ocrx_word' id='word_1_261' title='bbox 306 2263 383 2298; x_wconf 88' lang='lat' dir='ltr'>iam</span> <span class='ocrx_word' id='word_1_262' title='bbox 417 2274 497 2299; x_wconf 90' lang='lat' dir='ltr'>non</span> <span class='ocrx_word' id='word_1_263' title='bbox 531 2267 732 2311; x_wconf 88' lang='lat' dir='ltr'>promptus</span> <span class='ocrx_word' id='word_1_264' title='bbox 764 2259 919 2309; x_wconf 88' lang='lat' dir='ltr'>ingenio</span> <span class='ocrx_word' id='word_1_265' title='bbox 953 2265 1114 2303; x_wconf 86' lang='lat' dir='ltr'>tantum,</span> <span class='ocrx_word' id='word_1_266' title='bbox 1144 2257 1212 2294; x_wconf 90' lang='lat' dir='ltr'>sed</span> <span class='ocrx_word' id='word_1_267' title='bbox 1253 2264 1355 2295; x_wconf 76' lang='lat' dir='ltr'>usui</span> 
     </span>
     <span class='ocr_line' id='line_1_36' title="bbox 63 2322 1357 2373; baseline -0.002 -11"><span class='ocrx_word' id='word_1_268' title='bbox 63 2326 180 2363; x_wconf 86' lang='lat' dir='ltr'>etiam</span> <span class='ocrx_word' id='word_1_269' title='bbox 209 2327 446 2372; x_wconf 83' lang='lat' dir='ltr'>exercitatus,</span> <span class='ocrx_word' id='word_1_270' title='bbox 475 2327 591 2364; x_wconf 88' lang='lat' dir='ltr'>talem</span> <span class='ocrx_word' id='word_1_271' title='bbox 620 2325 834 2364; x_wconf 88' lang='lat' dir='ltr'>orationem</span> <span class='ocrx_word' id='word_1_272' title='bbox 867 2324 1022 2361; x_wconf 87' lang='lat' dir='ltr'>habuit:</span> <span class='ocrx_word' id='word_1_273' title='bbox 1058 2322 1120 2360; x_wconf 91' lang='lat' dir='ltr'>‘Si</span> <span class='ocrx_word' id='word_1_274' title='bbox 1152 2330 1357 2373; x_wconf 83' lang='lat' dir='ltr'>unquam2</span> 
     </span>
     <span class='ocr_line' id='line_1_37' title="bbox 658 2402 722 2429; baseline -0.047 0"><span class='ocrx_word' id='word_1_275' title='bbox 658 2402 681 2429; x_wconf 91' lang='lat' dir='ltr'>c</span> <span class='ocrx_word' id='word_1_276' title='bbox 703 2402 722 2426; x_wconf 92' lang='lat'><strong>2</strong></span> 
     </span>
    </p>
   </div>
  </div>
 </body>
</html>
