1637 2554
557 415 728 458 BOOK
758 415 838 457 VI.

95 517 206 548 WARs
230 524 332 548 wirfl
356 517 562 548 voiscmxs
585 525 663 548 Am)
689 516 1303 549 flumem&—Coxsrlrurromr„

585 568 814 602 STRUGGLE&

74 660 90 695 5
107 666 132 688 1.
157 658 184 688 11
190 657 244 688 'ish
259 657 312 688 tlte
324 667 395 688 new
406 657 470 697 city
480 657 588 697 begins
600 657 652 688 the
659 657 778 698 period
787 657 1045 698 oflruslworllzy
1057 657 1190 688 rccords.
1260 659 1275 694 ξ
1294 655 1324 688 6.
1338 654 1420 683 B·0·
1438 655 1527 683 390-

162 710 199 748 Q.
223 709 345 740 Fabius
373 709 401 739 z's
427 709 515 739 (ried
528 708 590 749 sor
613 708 724 739 brcaclz
752 708 792 749 eff
810 709 862 739 tlte
889 709 974 738 ‘law
996 708 1036 749 of
1054 706 1207 738 vallans)
1255 711 1271 745 ξ
1294 717 1324 748 9.

157 761 257 802 After
276 771 320 791 an
346 761 574 800 inlcrmgmtm
591 761 752 800 stlilz'lary
775 761 806 791 T
802 760 935 791 rt'lmnes
949 771 1006 791 are
1025 759 1206 800 appointed.
1259 759 1325 790 lec

158 813 339 852 suzviving
351 812 532 843 ‹locumcnls
549 823 605 843 are
620 812 768 850 collected,
786 812 857 842 aud
869 812 947 852 days
962 812 1002 853 of
1010 812 1149 842 disaster
1163 811 1328 852 exemplavi

148 865 243 906 from
260 864 412 894 business.

128 942 245 989 QUAE
265 943 313 980 ab
333 942 485 980 condita
505 943 599 979 urbe
621 941 749 980 Roma
769 942 817 979 ad
837 950 988 992 captam
1004 942 1165 979 eandem
1191 942 1325 979 urbem
1339 945 1356 974 1
1394 942 1464 975 Ch.
1482 942 1512 975 1.

74 1008 241 1046 Romani
268 1009 338 1044 sub
364 1009 517 1057 regibus
543 1008 720 1057 primum,
742 1008 962 1045 consulibus
989 1007 1125 1044 deinde
1146 1019 1189 1045 ac
1210 1007 1326 1045 dicta-

73 1075 217 1112 toribus
256 1073 556 1123 decemvirisque
595 1086 638 1111 ac
673 1074 830 1110 tribunis
868 1073 1129 1111 consularibus
1162 1085 1325 1122 gessere,

74 1139 162 1178 soris
195 1139 302 1185 bella,
333 1139 439 1177 domi
468 1139 686 1185 seditiones,
721 1140 890 1189 quinque
924 1139 1028 1176 libris
1065 1139 1236 1188 exposui,
1266 1143 1358 1177 τεεί).

73 1217 194 1255 quum
232 1211 414 1242 vetustate
453 1205 569 1241 nimia
608 1205 800 1250 obscuras,
831 1204 931 1241 velut
968 1216 1067 1254 quae
1100 1216 1244 1253 magno
1279 1217 1326 1241 ex

73 1270 268 1307 intervallo
300 1270 372 1308 loci
405 1271 466 1307 vix
501 1277 714 1315 cernuntur,
739 1276 820 1306 tum
851 1269 956 1319 quod
989 1281 1126 1318 parvae
1155 1276 1192 1306 et
1219 1281 1326 1306 rarae

73 1348 141 1385 per
178 1336 313 1373 eadem
352 1343 523 1385 tempora
560 1336 704 1372 litterae
742 1335 857 1381 fuere,
886 1347 963 1372 una
999 1334 1170 1372 custodia
1207 1334 1327 1372 fidelis

73 1401 279 1439 memoriae
299 1413 425 1438 rerum
446 1408 649 1451 gestarum,
678 1407 714 1438 et
741 1400 856 1450 quod,
877 1400 1024 1437 etiamsi
1044 1412 1142 1448 quae
1163 1400 1201 1436 in
1221 1412 1325 1437 com-

73 1467 265 1503 mentariis
295 1466 519 1515 pontificum
557 1466 715 1516 aliisque
754 1465 915 1515 publicis
952 1465 1181 1514 privatisque
1219 1472 1326 1502 erant

74 1532 343 1576 monumentis,
364 1532 519 1569 incensa
549 1532 641 1569 urbe
675 1532 879 1582 pleraeque
912 1531 1098 1568 interiere.
1154 1529 1356 1567 Clariora3

74 1596 254 1647 deinceps
275 1598 510 1647 certioraque
529 1598 578 1635 ab
603 1597 770 1635 secunda
793 1597 938 1646 orioine
959 1596 1059 1633 velut
1078 1596 1128 1633 ab
1148 1595 1325 1644 stirpibus

73 1662 207 1700 laetius
240 1662 477 1712 feraciusque
504 1670 656 1700 renatae
691 1664 794 1700 urbis
823 1670 930 1712 gesta
961 1661 1066 1699 dom1
1080 1661 1325 1724 Lmlliuaeque

73 1735 323 1777 exponentur.
380 1727 560 1766 Ceterum
585 1729 722 1778 primo,
745 1709 1077 1778 quo‘Zffi‘r'mni‘cuid
1101 1734 1225 1764 erecta
1245 1728 1356 1763 erat4

74 1793 211 1831 eodem
238 1794 369 1831 innixa
395 1793 451 1832 M.
473 1794 589 1832 Furio
614 1795 794 1844 principe,
815 1795 924 1840 stetit,
945 1805 1071 1842 neque
1101 1803 1189 1829 eum
1218 1791 1325 1828 abdi-

75 1870 160 1896 care
181 1871 221 1896 se
241 1859 424 1897 dictatura
441 1860 511 1897 nisi
531 1872 634 1897 anno
649 1860 878 1897 circumacto
900 1860 1001 1908 passi
1022 1864 1118 1895 sunt.
1158 1856 1325 1894 Comitia
1338 1864 1356 1894 5

75 1923 114 1960 in
134 1924 398 1974 insequentem
419 1938 563 1962 annum
582 1926 752 1963 tribunos
772 1925 922 1970 habere,
944 1935 1107 1974 quorum
1127 1923 1165 1958 in
1184 1922 1326 1971 magis-

74 1992 174 2023 tratu
202 1995 313 2036 capta
342 1989 432 2026 urbs
466 1996 575 2034 esset,
596 2000 675 2025 non
704 1988 844 2038 placuit
854 2000 864 2034 ;
902 1999 962 2024 res
990 1987 1039 2024 ad
1067 1987 1325 2034 interregnum

74 2052 194 2089 rediit.
233 2051 363 2099 Quum
383 2054 511 2091 civitas
531 2054 569 2090 in
590 2066 704 2103 opere
721 2066 765 2090 ac
782 2053 910 2091 labore
931 2052 1083 2089 assiduo
1099 2050 1324 2088 reficiendae
1339 2056 1357 2086 6

74 2117 178 2154 urbis
198 2124 397 2164 teneretur,
412 2119 561 2156 interim
577 2118 624 2164 Q.
642 2118 773 2163 Fabio,
787 2117 897 2155 simul
917 2117 1082 2166 primum
1101 2116 1326 2165 magistratu

75 2183 177 2228 abiit,
205 2184 253 2220 ab
285 2182 355 2221 Cn.
377 2183 525 2221 Marcio
558 2184 710 2221 tribuno
742 2183 863 2233 plebis
895 2183 994 2220 dicta
1023 2182 1102 2219 dies
1130 2188 1196 2227 est,
1220 2181 1326 2231 quod

77 2244 256 2301 [legatus]
279 2249 318 2286 in
339 2248 483 2296 Gallos,
504 2248 552 2287 ad
572 2260 669 2299 quos
694 2249 833 2286 missus
858 2254 938 2286 erat
958 2254 1097 2293 orator,
1118 2253 1251 2285 contra
1269 2247 1327 2284 ius
