1637 2554
312 168 564 201 PROPOSED
594 166 888 199 MJGRATJON
915 166 972 197 TO
1011 165 1126 196 VEII.
1299 156 1351 208 67

96 278 246 326 busque
277 283 314 313 et
348 275 559 313 honoribus
590 273 773 311 violandis
808 273 899 310 dum
934 272 1203 315 abstinebatur,
1238 278 1273 307 et
1306 271 1353 307 ad
1369 275 1557 303 ΒΑΕ-395-

99 342 268 391 reliquos
297 341 438 378 similes
471 346 631 378 conatus
663 338 888 376 verecundia
916 338 994 374 irae
1032 337 1219 375 obstabat.
1278 335 1383 373 Ca-4

99 408 225 444 millus
258 406 465 444 identidem
495 405 674 443 omnibus
709 404 802 442 locis
831 402 1189 442 contionabundus:
1235 401 1354 438 Haud

97 473 239 510 mirum
269 472 308 509 id
336 472 494 522 quidem
522 483 617 516 esse,
652 469 774 507 furere
804 470 1005 514 civitatem,
1036 480 1144 517 quae,
1175 467 1356 504 damnata

100 538 188 584 voti,
212 538 387 576 omnium
416 548 543 574 rerum
571 536 761 585 potiorem
791 547 922 572 curam
951 546 1067 583 quam
1097 532 1280 581 religione
1315 543 1355 568 sc

101 604 323 642 exsolvendi
343 603 493 640 habeat.
535 601 641 639 Nihil
662 602 707 638 de
727 601 931 639 collatione
952 599 1087 646 dicere,
1106 599 1212 648 stipis
1231 598 1352 635 verius
1367 605 1384 634 5

102 681 219 719 quam
240 669 423 715 decimae,
445 667 602 718 quando
622 680 667 704 ea
688 679 728 704 se
749 667 908 716 quisque
927 665 1101 715 privatim
1121 663 1354 712 obligaverit,

102 735 284 773 liberatus
303 735 349 772 sit
368 734 542 784 populus.
591 733 798 770 Enimvero
819 731 910 768 illud
930 743 968 768 se
988 738 1112 767 tacere
1135 741 1242 767 suam
1263 740 1353 766 con·
1369 734 1388 764 6

103 801 300 838 scientiam
321 811 402 837 non
418 799 506 849 pati,
522 799 627 848 quod
647 811 694 835 ex
714 810 760 834 ea
779 805 927 834 tantum
948 795 1099 845 praeda,
1113 807 1210 844 quae
1230 806 1357 832 rerum

101 866 337 904 moventium
359 866 416 910 sit,
437 865 586 902 decima
606 863 849 912 designetur;
880 862 982 899 urbis
1012 869 1125 909 atque
1146 860 1225 909 agri
1246 860 1358 908 capti,

99 944 199 982 quae
230 939 267 970 et
295 932 378 981 ipsa
407 938 496 968 voto
526 930 804 973 contineantur,
827 928 1064 965 mentionem
1094 925 1238 962 nullam
1267 924 1357 962 fieri.

102 997 235 1044 Quum
274 1008 320 1034 ea
351 995 586 1045 disceptatio,
621 1006 762 1043 anceps
801 993 948 1031 senatui
978 992 1065 1037 visa,
1101 991 1272 1039 delegata
1305 990 1387 1027 ad?

101 1062 302 1112 pontifices
321 1068 431 1106 esset,
453 1059 623 1097 adhibito
644 1058 809 1096 Camillo
822 1059 943 1095 visum
964 1057 1135 1106 collegio,
1153 1056 1257 1105 quod
1278 1055 1358 1092 eius

99 1134 188 1164 ante
210 1134 440 1175 conceptum
462 1133 593 1163 votum
614 1124 835 1162 Veientium
857 1123 987 1161 fuisset
1007 1130 1043 1160 et
1063 1130 1149 1172 post
1169 1128 1301 1158 votum
1321 1121 1359 1157 in

99 1199 329 1242 potestatem
349 1191 481 1240 populi
504 1190 673 1228 Romani
694 1190 868 1235 venisset,
892 1189 972 1226 eius
1001 1196 1147 1237 partem
1169 1187 1357 1223 decimam

99 1257 272 1307 Apollini
293 1269 440 1294 sacram
459 1268 555 1293 esse.
613 1255 672 1292 Ita
691 1255 729 1291 in
751 1255 1057 1292 aestimationem
1079 1254 1170 1289 urbs
1190 1263 1356 1301 agerque
1371 1261 1388 1291 8

100 1323 213 1360 venit.
270 1322 437 1359 Pecunia
467 1335 515 1358 ex
545 1321 690 1358 aerario
721 1327 910 1369 prompta,
941 1327 977 1356 et
1006 1318 1166 1356 tribunis
1197 1317 1359 1354 militum

101 1388 374 1432 consularibus,
397 1394 438 1424 ut
457 1399 591 1424 aurum
612 1399 659 1423 ex
681 1399 726 1423 ea
747 1392 976 1429 coemerent,
998 1384 1196 1432 negotium
1217 1383 1360 1419 datum.

101 1453 221 1491 Cuius
250 1465 370 1502 quum
399 1453 512 1501 copia
538 1463 617 1488 non
644 1458 751 1496 esset,
774 1458 983 1495 matronae,
1003 1449 1176 1486 coetibus
1203 1448 1251 1484 ad
1274 1459 1360 1484 eam

102 1531 183 1556 rem
221 1517 516 1556 consultandam
549 1516 697 1561 habitis,
738 1515 934 1553 communi
975 1515 1127 1552 decreto
1169 1513 1359 1562 pollicitae

100 1583 259 1620 tribunis
297 1583 460 1619 militum
499 1594 645 1627 aurum,
683 1578 755 1634 [et]
788 1581 920 1618 omnia
958 1586 1184 1617 ornamenta
1217 1590 1285 1615 sua
1317 1578 1356 1614 in

100 1648 288 1686 aerarium
309 1647 533 1685 detulerunt.
592 1646 711 1684 Grata
731 1658 776 1684 ea
797 1658 856 1683 res
877 1652 917 1682 ut
934 1657 1035 1695 quae
1055 1645 1224 1681 maxime
1245 1655 1354 1681 sena·
1369 1649 1388 1679 9

100 1714 154 1751 tui
191 1725 363 1763 unquam
401 1712 491 1757 fuit;
535 1711 800 1760 honoremque
838 1711 890 1748 ob
929 1723 1014 1747 eam
1053 1709 1356 1747 munificentiam

99 1779 226 1816 ferunt
261 1779 448 1815 matronis
481 1777 664 1822 habitum,
697 1784 736 1813 ut
767 1776 910 1826 pilento
940 1777 990 1813 ad
1021 1788 1128 1813 sacra
1156 1775 1355 1823 ludosque,

101 1844 290 1894 carpentis
310 1843 406 1881 festo
420 1843 665 1893 profestoque
686 1850 890 1880 uterentur.
934 1841 1109 1879 Pondere
1129 1842 1178 1878 ab
1198 1840 1356 1889 singulis
1372 1850 1411 1880 10

101 1910 183 1947 auri
203 1915 362 1958 accepto
391 1904 716 1960 aestimato[que]‚
739 1914 779 1944 ut
799 1908 984 1957 pecuniae
1013 1907 1256 1951 solverentur,
1277 1918 1359 1942 cra-

101 1983 222 2013 teram
242 1986 399 2012 auream
417 1974 498 2010 fieri
527 1973 678 2023 placuit,
699 1985 798 2022 quae
829 1972 976 2009 donum
995 1972 1163 2021 Apollini
1184 1970 1357 2020 Delphos

101 2047 322 2090 portaretur.
381 2039 502 2076 Simul
540 2040 589 2076 ab
629 2039 813 2087 religione
847 2039 999 2075 animos
1033 2038 1269 2081 remiserunt,
1299 2037 1356 2073 in·
1372 2044 1409 2073 11

101 2109 252 2153 tegrant
280 2102 506 2140 seditionem
536 2102 674 2139 tribuni
700 2101 844 2150 plebis,
880 2101 1057 2138 incitatur
1084 2100 1288 2137 multitudo
1317 2099 1356 2135 in

103 2180 240 2206 omnes
268 2168 470 2217 principes,
493 2174 581 2204 ante
611 2166 705 2204 alios
731 2166 771 2202 in
792 2165 1021 2203 Camillum:
1054 2178 1146 2202 eum
1175 2165 1358 2214 praedam
1372 2176 1411 2206 12

102 2233 358 2271 Veientanam
377 2232 610 2282 publicando
627 2231 894 2280 sacrandoque
915 2231 963 2268 ad
979 2230 1138 2267 nihilum
1155 2230 1357 2279 redegisse.

102 2300 295 2337 Absentes
321 2298 494 2337 ferociter
514 2298 734 2347 increpant;
765 2297 1036 2346 praesentium,
1057 2307 1174 2345 quum
1203 2307 1244 2332 se
1263 2295 1361 2332 ultro

699 2370 722 2396 E
746 2371 764 2394 2
