1670 2532
285 127 339 169 74
641 125 771 166 LJVY,
802 126 939 159 BOOK
962 127 1001 159 V.
1027 131 1178 174 29-31.

82 230 516 280 n.c.aes.intelligeret‚
553 243 592 269 se
623 243 740 281 pravo
778 232 918 270 iudicio
952 232 999 270 de
1033 233 1191 270 tribunis
1229 233 1540 271 intercessionem

284 296 491 342 sustulisse,
531 297 800 335 intercessione
846 298 992 335 sublata
1030 298 1268 335 tribuniciam
1311 305 1540 348 potestatem

253 362 472 399 9evertisse.
529 361 632 398 Nam
661 362 766 410 quod
794 362 844 399 illi
873 370 1081 411 sperarent,
1101 363 1323 400 effrenatam
1350 363 1540 401 licentiam

283 427 364 464 eius
405 427 646 475 magistratus
680 434 805 476 patres
840 427 993 474 laturos,
1024 428 1098 465 falli
1132 440 1210 466 eos.
1268 428 1307 466 Si
1340 429 1539 466 tribunicia

282 492 336 528 vis
355 491 557 528 tribunicio
577 492 718 529 auxilio
738 492 867 541 repelli
888 500 1062 542 nequeat,
1078 493 1178 530 aliud
1199 493 1314 530 telum
1335 499 1462 542 patres
1481 494 1538 530 in-

230 561 270 590 10
283 564 462 594 venturos
483 568 577 594 esse.
629 557 892 607 Consulesque
914 558 1145 607 increpabat,
1167 558 1272 607 quod
1293 558 1366 595 fide
1386 558 1539 607 publica

281 621 405 670 decipi
427 622 599 658 tribunos
615 634 683 659 eos
704 623 804 659 taciti
825 622 1006 669 tulissent,
1026 624 1090 672 qui
1106 631 1259 661 senatus
1276 623 1538 660 auctoritatem

279 687 399 724 secuti
437 694 573 724 essent.
634 687 744 725 Haec
779 688 979 737 propalam
1011 688 1346 726 contionabundus
1380 689 1419 725 in
1457 688 1538 725 dies

279 753 402 801 magis
422 753 588 802 augebat
606 753 680 790 iras
704 753 920 790 hominum.

111 860 182 893 Ch.
201 861 297 899 30.§
326 870 353 893 1.
378 862 432 902 By
454 861 507 893 the
528 871 646 902 cncrgy
667 861 708 902 qs
726 862 897 899 Camillus,
923 862 995 893 who
1017 862 1166 894 hcsecclzes
1189 863 1275 894 tlzcm
1303 867 1359 894 not
1383 867 1414 893 lo
1436 863 1539 894 dcsert

365 913 453 944 their
468 913 534 952 city
549 913 620 943 aml
631 913 720 944 theia·
734 913 824 953 cily's
835 914 921 954 gods,
940 914 993 945 the
1002 915 1156 955 proposal
1168 920 1199 945 to
1215 915 1354 954 tmssg‘ralc
1369 919 1400 945 to
1423 915 1496 944 Veii
1509 914 1538 944 is

363 964 509 1006 defeated
529 964 567 1004 hy
590 965 642 995 llzc
668 969 737 995 vote
765 965 806 1006 of
823 976 880 996 om·
906 965 998 996 tribe.
1068 966 1130 1003 §8.
1163 967 1194 997 T
1191 966 1229 997 lzc
1252 966 1370 997 Scnate
1391 965 1494 996 dccrce
1516 976 1536 996 a

361 1021 466 1057 grant
480 1016 521 1057 qf
535 1016 702 1047 Vcicnline
718 1016 801 1046 land
813 1021 843 1047 to
859 1017 911 1047 lla:
922 1017 1019 1057 plebs.
1532 1023 1535 1025 ’

250 1096 266 1126 1
338 1086 523 1124 Senatum
542 1098 632 1122 vero
660 1086 817 1123 incitare
838 1086 1016 1124 adversus
1038 1086 1162 1136 legem
1183 1087 1286 1124 haud
1307 1087 1535 1124 desistebat:

282 1164 329 1189 ne
351 1151 457 1188 aliter
476 1151 750 1188 descenderent
779 1151 817 1187 in
847 1151 984 1197 sorum,
1005 1164 1124 1202 quum
1145 1153 1224 1189 dies
1245 1152 1423 1190 ferendae
1443 1152 1538 1201 legis

281 1217 456 1261 venisset,
477 1228 594 1264 quam
614 1223 654 1253 ut
675 1217 739 1265 qui
770 1217 1045 1263 meminissent,
1068 1218 1138 1255 sibi
1168 1230 1238 1266 pro
1266 1217 1340 1255 aris
1366 1217 1537 1267 focisque

281 1288 318 1319 et
339 1281 454 1318 deum
474 1280 625 1330 templis
645 1294 688 1319 ac
715 1282 809 1329 solo,
832 1282 871 1318 in
902 1294 979 1331 quo
1009 1283 1086 1319 nati
1117 1289 1254 1328 essent,
1276 1282 1537 1320 dimicandum

249 1346 374 1387 2f0re.
431 1345 534 1383 Nam
564 1347 670 1396 quod
696 1347 745 1384 ad
772 1359 811 1385 se
835 1348 1009 1396 privatim
1039 1348 1207 1393 attineat,
1232 1348 1261 1385 si
1283 1360 1372 1385 suae
1393 1348 1537 1397 gloriae

280 1412 350 1449 sibi
371 1412 468 1448 inter
488 1411 772 1449 dimicationem
801 1413 942 1462 patriae
969 1414 1190 1451 meminisse
1211 1413 1256 1450 sit
1277 1413 1343 1459 fas,
1365 1413 1435 1450 sibi
1456 1425 1536 1450 am·
1576 1464 1578 1467 Ι
1619 1409 1623 1412 ’

280 1477 386 1526 plum
407 1489 561 1526 quoque
582 1489 676 1523 esse,
697 1479 832 1515 urbem
854 1479 902 1515 ab
929 1490 969 1516 se
996 1485 1146 1528 captam
1177 1478 1419 1528 frequentari,
1441 1491 1537 1528 quo-

279 1542 368 1579 tidie
387 1554 426 1579 se
448 1541 519 1578 frui
535 1550 787 1580 monumento
807 1543 952 1593 gloriae
974 1556 1063 1581 suae
1081 1551 1117 1581 et
1137 1551 1225 1581 ante
1242 1544 1376 1582 oculos
1396 1543 1537 1582 habere

280 1609 416 1645 urbem
445 1607 561 1644 latam
591 1608 630 1644 in
658 1608 852 1657 triumpho
881 1621 964 1653 suo,
997 1609 1167 1647 insistere
1202 1622 1338 1647 omnes
1371 1610 1538 1659 vestigiis

251 1673 436 1716 3laudurn
465 1685 641 1718 suarum;
677 1673 744 1710 sed
773 1674 879 1711 nefas
909 1675 1060 1721 ducere,
1081 1675 1270 1712 desertam
1297 1688 1340 1712 ac
1365 1675 1534 1712 relictam

281 1742 331 1778 ab
352 1741 408 1778 dis
429 1741 707 1778 immortalibus
736 1741 851 1778 incoli
873 1742 1018 1787 urbem,
1039 1748 1075 1778 et
1096 1742 1134 1778 in
1155 1742 1305 1791 captivo
1326 1742 1410 1779 solo
1431 1741 1537 1778 habi-

281 1814 359 1843 tare
380 1806 565 1855 populum
591 1805 824 1852 Romanum,
849 1813 885 1843 et
906 1807 1055 1844 victrice
1081 1808 1201 1855 patria
1221 1807 1358 1844 victam
1387 1807 1535 1844 mutari.

252 1879 269 1908 4
283 1871 357 1908 His
385 1871 714 1908 adhortationibus
741 1871 922 1920 principis
947 1872 1125 1909 concitati
1145 1879 1281 1921 patres,
1303 1884 1414 1909 senes
1434 1872 1536 1909 iuve-

281 1947 424 1985 nesque
445 1947 565 1985 quum
586 1935 743 1972 ferretur
764 1936 836 1981 lex,
853 1937 1007 1985 agmine
1028 1936 1127 1974 facto
1143 1937 1180 1973 in
1201 1936 1325 1974 forum
1341 1943 1535 1980 venerunt,

276 2001 525 2068 p‘b‘ksipatique
555 2013 623 2049 per
652 2001 782 2046 tribus,
810 2013 899 2039 suos
928 2002 1089 2051 quisque
1118 2001 1272 2039 tribules
1300 2008 1535 2050 prensantes,

370 2078 389 2102 a
415 2078 502 2102 curn
528 2065 692 2103 lacrimis
715 2078 888 2115 coepere,
909 2079 957 2104 ne
978 2079 1062 2103 earn
1082 2066 1254 2116 patriam,
1275 2078 1345 2115 pro
1366 2078 1442 2114 qua
1460 2065 1536 2103 sor-

403 2142 423 2167 e
453 2130 746 2181 felicissimeque
781 2131 851 2181 ipsi
882 2143 927 2169 ac
959 2138 1085 2180 patres
1116 2143 1249 2168 eorum
1281 2131 1535 2173 dimicassent,

435 2203 507 2241 ent,
528 2196 771 2246 Capitolium,
792 2196 927 2233 aedem
947 2195 1099 2240 Vestae,
1121 2202 1246 2233 cetera
1275 2196 1374 2233 circa
1393 2195 1536 2245 templa

467 2268 701 2300 ostentantes
714 2273 724 2307 ς
754 2273 801 2299 ne
825 2261 1008 2307 exsulem,
1028 2268 1220 2299 extorrem
1249 2260 1434 2311 populum
1455 2260 1535 2299 Ro-
