1736 2521
38 1261 59 1369 ¹,

46 1413 50 1502 l

47 1563 50 1684 l
86 1613 281 1652 Quat-54
290 1628 299 1640 f

377 141 456 196 136
713 149 841 191 LJVY,
874 147 1009 180 BOOK
1036 147 1094 180 VJ.
1119 150 1184 188 21,
1212 150 1279 180 22.

163 267 246 295 nc.
265 267 354 295 383.
369 262 592 304 contemptu
620 255 803 300 accidere,
825 254 927 304 quod
949 254 1151 291 Veliternis
1179 253 1320 291 civibus
1350 247 1426 291 suis
1451 258 1531 290 tam
1557 251 1621 291 diu

368 321 556 370 impunita
593 319 755 357 defectio
793 326 902 364 esset,
933 319 1191 365 decreverunt,
1226 326 1267 356 ut
1305 319 1430 368 primo
1468 330 1621 368 quoque

337 393 354 422 4
370 393 541 434 tempore
561 384 609 422 ad
625 384 811 434 populum
831 383 986 421 ferretur
1006 384 1052 421 de
1079 384 1180 421 bello
1204 384 1259 420 eis
1287 383 1504 421 indicendo.
1560 381 1622 420 Ad

369 462 486 500 quam
524 450 696 486 militiam
730 461 808 498 quo
847 450 1013 498 paratior
1046 449 1176 498 plebes
1209 455 1319 494 esset,
1350 449 1622 498 quinqueviros

369 515 577 564 Pomptino
606 526 700 564 agro
725 514 930 552 dividendo
959 520 995 552 et
1024 514 1240 552 triumviros
1270 513 1418 562 Nepete
1447 513 1622 550 coloniae

337 584 356 614 5
371 580 616 618 deducendae
637 585 868 616 creaverunt.
927 579 1042 624 Turn,
1064 587 1104 616 ut
1131 579 1273 616 bellum
1301 579 1484 623 iuberent,
1505 578 1622 615 latum

370 645 418 682 ad
455 644 640 694 populum
675 651 741 689 est,
773 651 808 681 et
839 645 1095 695 nequicquam
1127 644 1430 681 dissuadentibus
1465 643 1623 680 tribunis

339 710 491 760 6plebis
525 689 820 747 omnes3tribus
861 709 1002 747 bellum
1040 710 1242 747 iusserunt.
1300 709 1539 758 Apparatum
1576 720 1623 746 eo

370 788 473 813 anno
522 775 665 812 bellum
711 781 778 820 est,
811 775 1000 812 exercitus
1049 781 1204 824 propter
1244 774 1500 824 pestilentiam
1542 785 1623 811 non

369 841 552 886 eductus;
583 851 705 889 eaque
732 841 925 877 cunctatio
949 840 1098 877 colonis
1121 840 1282 889 spatium
1310 839 1465 877 dederat
1492 838 1623 888 depre-

369 905 482 942 candi
513 912 709 950 senatum;
748 911 785 941 et
815 916 958 953 magna
990 904 1189 941 hominum
1219 917 1306 954 pars
1336 917 1394 951 eo,
1417 911 1457 942 ut
1485 904 1623 953 legatio

338 971 530 1020 'isupplex
562 969 730 1007 Romam
759 970 978 1014 mitteretur,
1007 970 1222 1015 inclinabat,
1252 969 1290 1006 ni
1319 970 1474 1019 privato,
1503 977 1544 1006 ut
1570 969 1645 1015 fit„

369 1035 537 1085 periculo
556 1035 752 1085 publicum
769 1035 993 1084 implicitum
1013 1042 1110 1072 esset
1131 1042 1381 1084 auctoresque
1403 1034 1624 1072 desectionis

370 1102 420 1138 ab
455 1100 643 1139 Romanis
674 1109 789 1147 metu,
819 1113 868 1138 ne
900 1100 969 1137 soli
1001 1100 1148 1138 crimini
1180 1100 1337 1137 subiecti
1369 1100 1521 1150 piacula
1550 1100 1624 1138 irae

371 1165 639 1204 Romanorum
673 1166 911 1211 dederentur,
941 1166 1163 1203 avertissent
1193 1165 1365 1203 colonias
1403 1177 1425 1202 a
1458 1166 1625 1204 consiliis

339 1232 487 1281 spacis.
545 1231 682 1282 Neque
711 1232 749 1269 in
779 1239 912 1269 senatu
942 1231 1064 1269 solum
1094 1244 1161 1281 per
1189 1243 1256 1269 eos
1285 1231 1422 1280 legatio
1446 1231 1626 1281 impedita

370 1303 438 1343 est,
475 1296 543 1334 sed
580 1309 723 1346 magna
761 1310 848 1347 pars
887 1297 1008 1347 plebis
1046 1297 1210 1343 incitata,
1247 1303 1288 1333 ut
1326 1296 1550 1346 praedatum
1588 1297 1624 1334 in

338 1374 506 1411 9agrum
528 1361 749 1399 Romanum
775 1363 932 1400 exirent.
991 1361 1102 1400 Haec
1127 1375 1226 1400 nova
1250 1362 1384 1399 iniuria
1415 1362 1628 1400 exturbavit

371 1439 527 1464 ornnem
566 1440 673 1477 spem
718 1429 833 1477 pacis.
890 1428 951 1466 De
990 1428 1323 1466 Praenestinorum
1369 1440 1524 1477 quoque
1562 1428 1628 1466 de-

370 1491 534 1530 fectione
568 1505 615 1530 eo
647 1505 750 1531 anno
779 1494 944 1543 primum
976 1493 1079 1533 fama
1110 1499 1263 1540 exorta;
1305 1494 1628 1543 arguentibusque

370 1568 438 1594 eos
465 1557 698 1596 Tusculanis
728 1565 764 1596 et
785 1559 947 1597 Gabinis
973 1566 1009 1596 et
1035 1550 1246 1604 Laxffcaiiis,
1269 1570 1433 1608 quorum
1465 1558 1504 1595 in
1533 1558 1627 1596 fines

369 1622 604 1660 incursatum
631 1630 720 1670 erat,
742 1625 797 1672 ita
821 1625 966 1673 placide
997 1625 1045 1661 ab
1080 1631 1213 1661 senatu
1242 1636 1469 1673 responsum
1498 1630 1565 1670 est,
1587 1631 1628 1661 ut

370 1687 498 1725 minus
536 1688 638 1726 credi
677 1688 724 1726 de
762 1689 993 1735 criminibus,
1024 1689 1113 1739 quia
1150 1689 1296 1726 nollent
1333 1701 1378 1726 ea
1411 1701 1500 1727 vera
1532 1701 1626 1737 esse,

371 1760 581 1802 appareret.

48 1851 51 1910 l
207 1861 279 1894 Ch.
298 1860 393 1900 22.§
412 1871 440 1893 1.
465 1864 522 1894 An
560 1874 659 1904 army
688 1869 760 1896 sent
789 1865 922 1906 against
952 1866 1004 1897 tlte
1030 1866 1141 1907 pcople
1169 1866 1210 1907 of
1225 1865 1366 1897 Velitrae
1393 1865 1511 1906 defeats
1542 1865 1628 1896 tlzem

459 1914 531 1945 and
551 1915 640 1946 tlteir
668 1917 762 1947 allics
789 1917 831 1957 qs
852 1919 1032 1955 Praeneste,
1062 1918 1135 1948 and
1162 1929 1236 1948 war
1264 1918 1293 1948 is
1322 1917 1471 1948 declarcd
1496 1917 1630 1958 against

457 1966 640 1998 Praeneste.
692 1969 726 1998 T
721 1969 759 1999 lte
782 1969 1007 2000 Praenestines
1022 1969 1093 2000 and
1119 1969 1282 2000 Volscians
1303 1969 1375 1999 take
1398 1969 1568 1999 Satricum
1590 1968 1629 2009 by

456 2022 566 2049 storm.
615 2022 630 2056 ξ
649 2027 679 2058 5.
707 2020 871 2051 Camillus
887 2021 916 2051 is
931 2021 1045 2052 clcctca'
1057 2021 1217 2060 Militat-y
1240 2021 1272 2051 T
1268 2020 1386 2051 ribune
1391 2020 1454 2060 fhr
1469 2019 1522 2051 the
1536 2019 1628 2051 sixth

457 2070 547 2107 time,
564 2071 635 2101 and
647 2071 733 2102 leads
749 2083 769 2102 a
785 2072 890 2112 legion
906 2073 1038 2113 against
1053 2072 1232 2103 Satricum.

169 2150 360 2179 22:382.
428 2148 648 2200 Insequenti
682 2165 786 2190 anno
822 2153 884 2203 Sp.
915 2161 951 2191 et
978 2152 1021 2190 L.
1054 2152 1192 2203 Papirii
1228 2152 1317 2191 novi
1351 2152 1493 2190 tribuni
1527 2153 1628 2190 mili-

341 2210 358 2240 1
374 2221 454 2251 tum
473 2217 664 2254 consulari
688 2224 873 2266 potestate
894 2217 1056 2255 Velitras
1079 2218 1250 2268 legiones
1271 2217 1425 2264 duxere,
1447 2225 1628 2268 quattuor

373 2279 538 2331 collegis,
570 2281 649 2321 Ser.
681 2281 862 2321 Cornelio
891 2282 1150 2334 Maluginensi
1178 2283 1342 2330 tertium,
1374 2283 1425 2332 Q.
1457 2283 1625 2331 Servilio,
