1736 2521
27 1583 34 1603 fl
29 1548 33 1559 ἡ
29 1485 32 1510 ᾼ-
22 1237 33 1468 ,ὼ-,;ι..α.,,-ι

11 2386 16 2448 i

12 2458 16 2499 ι

35 2401 41 2441 2„-
33 2268 41 2367 ,=.„x‚
32 2231 37 2237 <
32 2199 38 2211 «ἡ

382 125 462 175 146
732 133 861 175 LJVY,
890 132 1028 166 BOOK
1051 133 1110 165 VJ.
1139 123 1290 180 28-30.

177 240 259 268 nc.
277 240 367 269 380.
380 239 509 271 verant
525 245 610 284 spes
626 245 723 271 suas.
782 233 951 272 Romani
967 240 1112 279 contra,
1126 233 1345 282 ubicunque
1361 238 1459 270 esset
1475 231 1634 269 Latinus

380 299 508 345 hostis,
531 300 620 337 satis
651 299 757 345 seire,
778 311 866 336 eum
887 311 980 345 esse,
1003 311 1118 348 quem
1139 298 1187 336 ad
1209 297 1403 347 Regillum
1423 297 1549 334 lacum
1570 297 1634 334 de-

347 365 518 402 evictum
548 373 703 402 centum
730 376 919 402 annorum
942 376 1037 414 pace
1064 363 1234 402 obnoxia
1262 362 1473 400 tenuerint:
1505 362 1635 400 locum

378 431 567 478 insignem
589 431 776 467 memoria
791 429 909 467 cladis
926 429 1156 466 irritaturum
1174 441 1212 466 se
1228 429 1355 478 potius
1368 428 1416 464 ad
1432 427 1634 465 delendam

380 496 606 533 memoriam
627 495 835 540 dedecoris,
853 507 971 544 quam
991 502 1031 531 ut
1048 495 1224 532 timorem
1243 493 1366 539 saciat,
1382 506 1428 530 ne
1445 505 1521 542 qua
1536 500 1636 530 terra

349 565 366 593 9
382 562 426 597 sit
448 560 592 598 nefasta
612 561 792 598 victoriae
814 572 903 597 suae
920 574 930 607 3
957 560 1049 610 quin
1074 560 1144 609 ipsi
1172 559 1241 596 sibi
1264 558 1362 596 Galli
1383 559 1413 595 si
1434 558 1637 595 offerantur

381 626 443 662 illo
482 626 580 671 loco,
616 638 655 662 se
687 626 738 662 ita
775 632 1024 675 pugnaturOS,
1060 633 1101 661 ut
1133 624 1284 662 Romae
1319 623 1570 674 pugnaverint
1598 623 1637 659 in

381 691 584 740 repetenda
613 691 746 740 patria,
777 698 817 728 ut
850 696 1005 739 postero
1035 690 1094 728 die
1130 690 1177 727 ad
1208 689 1366 736 Gabios,
1398 696 1489 726 tune
1519 699 1637 737 quum

382 754 584 799 effecerint,
615 766 663 791 ne
693 754 778 803 quis
808 753 938 800 hostis,
961 754 1026 803 qui
1056 754 1210 791 moenia
1241 752 1420 791 Romana
1450 753 1638 796 intrasset,

382 820 556 856 nuntium
579 819 770 857 secundae
791 819 1048 868 adversaeque
1069 818 1244 856 fortunae
1265 818 1426 855 domum
1447 817 1637 867 perferret.

212 907 283 940 Ch.
301 906 398 944 29.§
420 915 446 938 1.
476 906 699 937 Cincinnatus
721 906 839 947 dtscats
862 906 914 937 tlte
938 906 1176 941 Praenestinas.
1198 905 1269 936 and
1289 905 1376 936 takes
1409 906 1422 936 Ῑ
1432 905 1550 936 'clitrae
1572 904 1643 935 and

467 958 554 998 czglzt
565 958 656 988 other
668 963 770 988 ton-»ns
780 967 791 988 .·
815 958 1009 998 wltcreupon
1022 959 1195 988 l'racncslc
1209 957 1413 988 surrcndcrs.
1477 960 1493 995 ξ
1506 957 1535 989 8.
1561 956 1641 990 Cin.-

468 1009 624 1039 cz'mzalus
639 1009 764 1049 reszgrns
779 1009 867 1050 aster
880 1020 901 1039 α
917 1009 1081 1049 triumph.

351 1083 368 1111 1
439 1075 512 1113 His
545 1077 722 1126 utrinque
757 1077 893 1113 animis
923 1077 971 1113 ad
1000 1076 1126 1113 Aliam
1156 1084 1310 1113 ventum
1345 1083 1412 1114 est.
1468 1075 1643 1114 Dictator

385 1141 587 1178 Romanus
615 1149 820 1191 postquam
850 1142 889 1178 in
920 1148 1131 1191 conspectu
1165 1141 1297 1179 hostes
1327 1147 1436 1178 erant
1470 1141 1641 1179 instructi

383 1207 602 1256 intentique,
627 1210 635 1225 ‘
649 1207 817 1244 Videsne
839 1206 898 1244 tu’
921 1207 1052 1257 inquit,
1077 1207 1143 1244 ‘A.
1163 1207 1380 1256 Semproni,
1398 1207 1471 1244 loci
1492 1206 1642 1244 fortuna

383 1271 468 1309 illos
498 1271 612 1308 sretos
638 1272 686 1308 ad
716 1272 841 1309 Aliam
870 1273 1109 1310 constitisse?
1140 1285 1212 1310 nee
1241 1272 1312 1309 illis
1341 1272 1378 1309 di
1408 1272 1643 1309 immortales

385 1337 554 1374 certioris
585 1337 792 1386 quicquam
828 1338 1000 1382 fiduciae,
1040 1338 1241 1375 maiorisve
1275 1338 1380 1387 quod
1419 1338 1466 1375 sit
1503 1336 1641 1382 auxilii,

354 1402 569 1440 2dederint.
627 1402 678 1438 At
703 1409 754 1448 tu,
776 1402 890 1440 fretus
921 1404 1036 1440 armis
1063 1404 1289 1453 animisque,
1312 1403 1510 1440 concitatis
1535 1403 1643 1452 equis

385 1467 520 1504 invade
549 1468 717 1504 mediam
748 1469 891 1515 aciem;
928 1482 1001 1519 ego
1030 1481 1118 1505 cum
1154 1469 1368 1517 legionibus
1400 1469 1438 1505 in
1472 1469 1643 1506 turbatos

383 1533 690 1582 trepidantesque
719 1534 880 1571 inseram
911 1536 1030 1584 signa.
1088 1535 1244 1580 Adeste,
1267 1534 1303 1571 di
1331 1541 1442 1571 testes
1470 1533 1642 1578 foederis,

385 1605 420 1635 et
450 1599 613 1646 expetite
643 1611 789 1647 poenas
820 1600 965 1637 debitas
995 1600 1107 1637 simul
1137 1600 1245 1637 vobis
1274 1599 1422 1636 violatis
1457 1600 1643 1648 nobisque

353 1674 371 1703 3
386 1676 454 1712 per
472 1671 639 1700 vestrum
661 1677 804 1702 numen
826 1664 1018 1714 deceptis.'
1064 1665 1155 1702 Non
1176 1665 1356 1714 equitem,
1375 1677 1453 1701 non
1475 1664 1643 1713 peditem

385 1729 595 1767 sustinuere
617 1729 860 1768 Praenestini.
914 1730 1043 1768 Primo
1064 1731 1205 1779 impetu
1227 1738 1262 1767 et
1283 1730 1451 1767 clamore
1472 1729 1643 1779 dissipati

385 1794 536 1832 ordines
566 1803 674 1841 sunt;
705 1796 793 1834 dein
823 1801 1027 1845 postquam
1059 1795 1163 1832 nullo
1193 1795 1279 1832 loco
1302 1796 1504 1832 constabat
1530 1795 1642 1840 acies,

386 1865 492 1908 terga
517 1867 677 1906 vertunt,
699 1861 1006 1909 consternatique
1034 1867 1071 1897 et
1100 1867 1251 1908 praeter
1279 1869 1403 1897 castra
1432 1861 1546 1897 etiam
1576 1871 1645 1897 sua

386 1937 525 1973 pavore
547 1926 702 1974 praelati
724 1939 802 1963 non
824 1926 928 1975 prius
949 1938 988 1963 se
1010 1926 1058 1963 ab
1079 1926 1201 1963 effuso
1222 1938 1335 1963 cursu
1357 1927 1505 1972 sistunt,
1527 1938 1644 1975 quam

355 2001 372 2030 4
387 1990 424 2026 in
447 1999 658 2039 conspectu
682 1991 884 2028 Praeneste
909 1991 988 2028 fuit.
1045 1991 1102 2028 Ibi
1123 2004 1169 2028 ex
1193 1991 1283 2041 suga
1304 1981 1483 2041 dissipata
1505 1993 1644 2036 locum,

387 2067 500 2103 quern
523 2056 769 2093 tumultuario
791 2069 907 2105 opere
928 2057 1221 2101 communirent,
1236 2058 1402 2106 capiunt,
1420 2070 1480 2102 ne,
1497 2057 1526 2094 si
1547 2057 1645 2094 intra

386 2121 540 2157 moenia
570 2132 609 2158 se
638 2122 877 2170 recepissent,
899 2122 1092 2171 extemplo
1122 2130 1292 2160 ureretur
1322 2136 1412 2173 ager
1432 2122 1645 2172 depopula-

353 2185 509 2234 5tisque
539 2187 718 2223 omnibus
752 2187 902 2224 obsidio
937 2187 1021 2224 urbi
1051 2187 1259 2225 inferretur.
1319 2187 1395 2226 Sed
1425 2197 1642 2238 postquam,

387 2249 538 2299 direptis
581 2251 630 2289 ad
666 2252 793 2289 Aliam
833 2253 976 2299 castris,
1015 2253 1133 2290 victor
1178 2252 1381 2292 Romanus
1424 2253 1563 2299 aderat,
1605 2252 1644 2290 id
