1736 2521
362 133 441 186 198
692 139 821 182 LJVY,
852 138 990 171 BOOK
1012 138 1091 170 VJJ.
1117 141 1268 180 22-24.

158 256 241 284 ac.
259 246 479 284 351.vilius.
536 245 620 284 Nec
642 252 770 283 tamen
792 244 977 281 dictatura
997 243 1251 292 potentiorem
1272 253 1359 280 eum
1381 252 1613 279 consensum

361 320 511 361 patrum
533 311 798 349 consularibus
819 309 981 347 comitiis
1001 308 1100 354 fecit,
1123 320 1240 357 quam
1261 307 1443 344 censoriis
1464 305 1594 343 suerat.

158 399 240 426 20.
257 399 346 426 350.
363 399 378 434 ξ
400 405 426 426 1.
451 396 500 426 ill.
515 395 678 435 Popillius
691 394 830 430 Laenas,
843 393 895 424 lhc
904 392 1054 433 plcbcian
1071 392 1192 427 consul,
1209 391 1296 422 lcads
1310 401 1355 421 an
1372 400 1468 430 army
1484 389 1615 430 against

446 447 498 477 tlzc
533 446 643 477 Gauls.
716 448 731 482 ξ
751 454 780 482 5.
811 445 951 485 lsaving
990 444 1140 484 occupied
1165 443 1237 473 ami
1263 441 1456 473 cnlrcnclrcd
1483 451 1503 471 a
1535 440 1613 481 lflg'll

440 499 594 539 josl'lz'on,
612 497 650 527 lle
667 497 695 527 is
710 495 865 531 attached,
882 495 952 526 and
964 495 1082 536 clcscats
1097 495 1149 525 the
1169 495 1271 525 Gauls
1287 493 1367 524 with
1386 493 1488 532 heazy
1502 492 1572 522 loss.

155 570 224 602 Ch.
243 569 304 603 23.
331 574 346 603 1
415 566 470 604 M.
505 566 688 615 Popillius
723 565 874 602 Laenas
912 577 934 602 a
973 564 1085 613 plebe
1125 563 1273 608 consul,
1309 575 1331 599 a
1364 561 1535 611 patribus
1569 559 1611 598 L.

361 632 563 670 Cornelius
604 630 734 680 Scipio
773 630 895 667 datus.
964 629 1135 666 Fortuna
1173 640 1327 678 quoque
1375 626 1614 663 illustriorem

328 706 346 735 2
361 698 550 746 plebeium
573 696 771 734 consulem
799 695 911 741 secit3
941 707 1031 731 nam
1052 706 1171 743 quum
1198 694 1393 742 ingentem
1415 691 1614 730 Gallorum

361 763 569 801 exercitum
589 762 626 797 in
649 773 742 811 agro
763 760 902 797 Latino
922 767 1046 797 castra
1070 759 1244 808 posuisse
1269 758 1483 795 nuntiatum
1504 763 1613 802 esset,

363 827 543 877 Scipione
563 827 667 875 gravi
695 826 832 863 morbo
852 825 1047 874 implicito,
1070 823 1260 861 Gallicum
1288 823 1430 860 bellum
1452 821 1614 870 Popillio

329 898 347 927 3
362 900 469 931 extra
492 892 666 929 ordinem
689 891 831 928 datum.
889 889 927 927 Is
954 890 1114 939 impigre
1135 889 1302 926 exercitu
1323 888 1473 936 scripto,
1496 898 1615 936 quum

361 970 497 996 omnes
517 964 624 993 extra
643 963 795 1005 portam
813 954 1011 1004 Capenam
1033 955 1081 992 ad
1102 953 1238 991 Martis
1258 953 1394 990 aedem
1410 951 1615 989 convenire

360 1030 530 1060 armatos
558 1021 726 1058 iuniores
756 1020 923 1057 iussisset
953 1020 1140 1068 signaque
1163 1019 1299 1056 eodem
1325 1025 1543 1067 quaestores
1568 1029 1614 1054 ex

360 1089 508 1127 aerario
525 1086 682 1131 deferre,
699 1092 879 1134 quattuor
895 1085 1056 1134 expletis
1073 1084 1298 1134 legionibus,
1311 1083 1416 1132 quod
1433 1081 1615 1131 superfuit

328 1154 534 1198 4militum‚
576 1152 616 1189 P.
649 1151 803 1188 Valerio
836 1150 1055 1188 Publicolae
1089 1149 1255 1199 praetori
1290 1148 1451 1193 tradidit,
1483 1154 1616 1185 auctor

360 1220 530 1269 patribus
552 1217 738 1255 scribendi
761 1216 911 1254 alterius
932 1216 1131 1262 exercitus,
1146 1215 1252 1264 quod
1273 1214 1321 1252 ad
1342 1214 1508 1252 incertos
1528 1212 1614 1250 belli

328 1360 346 1391 5
361 1351 543 1388 omnibus
562 1349 756 1386 instructis
773 1348 1084 1397 comparatisque
1100 1347 1148 1384 ad
1170 1347 1318 1385 hostem
1336 1347 1480 1396 pergit3
1511 1345 1616 1382 cuius

362 1424 402 1453 ut
432 1416 534 1465 prius
563 1421 736 1452 nosceret
756 1414 861 1458 vires,
884 1425 1001 1462 quam
1032 1413 1200 1462 periculo
1230 1412 1364 1449 ultimo
1385 1417 1556 1455 tentaret,
1578 1410 1615 1447 in

360 1480 519 1525 tumulo,
541 1492 655 1528 quern
684 1479 904 1529 proximum
931 1477 1062 1515 castris
1089 1475 1291 1514 Gallorum
1320 1488 1454 1525 capere
1483 1475 1615 1524 potuit,

361 1545 501 1582 vallum
535 1545 673 1582 ducere
709 1544 846 1593 coepit.
907 1542 1015 1580 Gens
1048 1541 1154 1580 ferox
1189 1550 1225 1580 et
1259 1542 1402 1592 ingenii
1437 1541 1536 1578 avidi
1568 1539 1617 1576 ad

329 1622 535 1660 6pugnam
571 1622 702 1659 quum,
733 1609 867 1659 procul
897 1609 983 1645 visis
1019 1607 1286 1645 Romanorum
1316 1607 1446 1656 signis,
1477 1613 1518 1643 ut
1551 1618 1616 1643 ex·

361 1675 504 1724 templo
542 1674 728 1723 proelium
772 1674 908 1710 initura
945 1673 1190 1722 explicuisset
1238 1673 1371 1717 aciem,
1411 1678 1616 1722 postquam

361 1753 485 1790 neque
515 1741 554 1777 in
580 1751 747 1788 aequum
774 1739 919 1776 demitti
950 1751 1089 1787 agmen
1110 1738 1198 1775 vidit
1219 1745 1255 1775 et
1282 1750 1401 1787 quum
1431 1737 1504 1775 loci
1533 1737 1615 1774 alti-

362 1806 504 1851 tudine,
526 1812 607 1842 tum
634 1804 733 1841 vallo
762 1804 877 1842 etiam
907 1804 982 1852 tegi
1013 1794 1224 1848 Romanos,
1251 1802 1447 1852 perculsos
1476 1814 1615 1851 pavore

363 1878 456 1915 rata,
479 1870 589 1907 simul
609 1869 914 1918 opportuniores,
936 1868 1041 1918 quod
1068 1868 1199 1905 intenti
1220 1875 1300 1904 tum
1322 1867 1487 1904 maxime
1509 1867 1617 1915 operi

362 1942 498 1981 essent,
519 1935 615 1972 truci
636 1935 800 1971 clamore
825 1933 1051 1983 aggreditur.
1111 1934 1174 1970 Ab
1202 1932 1389 1970 Romanis
1419 1943 1490 1969 nec
1517 1943 1616 1980 opus

331 2007 348 2038 7
363 2001 617 2038 intermissum
648 1996 778 2051 (triarii
807 2007 926 2044 erant,
954 1999 1018 2048 qui
1048 1998 1299 2046 muniebant),
1321 2004 1357 2034 et
1383 1998 1433 2034 ab
1459 1996 1616 2034 hastatis

362 2066 687 2115 principibusque,
723 2065 787 2114 qui
829 2076 900 2113 pro
938 2063 1192 2100 munitoribus
1232 2063 1364 2100 intenti
1403 2062 1616 2110 armatique

362 2138 552 2176 steterant,
566 2129 755 2180 proelium
777 2130 923 2166 initum.
972 2128 1123 2165 Praeter
1139 2128 1310 2164 virtutem
1332 2127 1440 2164 locus
1461 2138 1615 2176 quoque

331 2207 348 2236 8
363 2197 534 2245 superior
553 2196 705 2239 adiuvit,
725 2202 765 2232 ut
785 2194 861 2243 pila
882 2193 1012 2231 omnia
1032 2193 1238 2241 hastaeque
1266 2203 1344 2228 non
1365 2198 1548 2241 tanquam
1568 2203 1615 2228 ex

364 2272 487 2309 aequo
507 2261 624 2298 missa
640 2272 748 2304 vana,
762 2259 865 2308 quod
885 2258 1108 2307 plerumque
1130 2257 1180 2303 fit,
1199 2256 1388 2303 caderent,
1402 2257 1468 2294 sed
1485 2256 1616 2294 omnia

41 2204 47 2229 ν
40 2110 47 2191 --.---⁴
39 2019 45 2102 ,-...,

361 1292 518 1323 eventus
556 1283 769 1322 subsidium
810 1283 860 1320 rei
899 1282 1073 1332 publicae
1112 1289 1226 1320 esset.
1284 1282 1372 1330 Ipse
1412 1281 1488 1317 iam
1527 1279 1616 1317 satis
1674 1314 1677 1317 .
