1670 2532
286 93 364 134 118
651 104 780 145 LIVY,
814 105 950 137 BOOK
975 106 1032 137 VJ.
1058 98 1183 141 8—10.

80 218 161 247 nc.
179 219 269 247 386.
282 207 418 244 relictis
439 209 570 246 castris
590 210 792 246 moenibus
814 209 946 247 Satrici
967 223 1007 247 se
1029 211 1234 249 includunt.
1282 212 1393 259 Quos
1412 214 1539 263 primo

282 271 465 310 Camillus
493 274 592 311 vallo
622 275 857 312 circumdare
887 283 923 313 et
954 288 1094 325 aggere
1123 284 1237 326 atque
1263 278 1442 327 operibus
1471 291 1538 327 op-

230 346 451 387 10pugnare
493 346 548 376 est
587 339 755 378 adortus,
811 339 923 386 Quae
958 349 1163 390 postquam
1203 343 1306 380 nulla
1341 345 1538 393 eruptione

283 403 455 452 impediri
476 404 587 449 videt,
611 405 737 442 minus
767 417 851 443 esse
881 406 997 442 animi
1019 415 1120 444 ratus
1145 408 1183 444 in
1208 408 1328 455 hoste,
1358 420 1475 457 quarn
1498 416 1539 446 ut

283 468 321 504 in
353 480 400 506 eo
430 476 509 504 tam
543 469 666 506 lentae
702 470 782 518 spei
811 470 1007 507 victoriam
1042 479 1288 521 exspectaret,
1321 473 1539 511 cohortatus

282 533 428 579 milites,
445 546 492 570 ne
513 540 696 583 tanquam
710 534 829 572 Veios
849 544 1117 585 oppugnantes
1138 537 1175 574 in
1192 550 1306 586 opere
1326 538 1539 588 longinquo

282 611 363 636 sese
384 606 567 636 tererent:
598 600 794 637 victoriam
824 601 861 637 in
891 602 1068 639 manibus
1089 615 1182 648 esse,
1205 603 1350 652 ingenti
1377 604 1539 641 militum

283 664 474 702 alacritate
494 665 649 702 moenia
670 666 840 715 undique
861 678 1062 715 aggressus
1084 667 1195 704 scalis
1215 669 1402 718 oppidum
1425 670 1537 719 cepit.

282 725 411 764 Volsci
431 727 587 764 abiectis
607 728 722 765 armis
743 740 824 765 sese
845 729 1082 766 dediderunt.

141 848 210 880 Ch.
231 848 298 886 9.§
321 858 346 880 1.
372 850 528 888 Antium,
549 850 602 880 the
624 850 750 890 capilal
765 850 864 891 oftlze
887 849 1060 889 Volsct'ans,
1082 852 1156 882 still
1173 852 1327 891 rcmaz'ns,
1394 855 1410 890 §
1431 862 1460 893 3.
1483 853 1541 884 but

367 901 420 932 tlzc
449 901 593 932 demand
620 901 660 942 qs
682 901 801 943 Nepete
834 901 906 931 aml
936 902 1093 932 Sutrium
1120 902 1185 944 sor
1212 903 1284 943 help
1320 904 1452 944 against
1488 905 1540 935 the

366 952 552 983 Elrusazns
567 953 645 983 calls
664 953 828 984 Camillus
843 958 874 983 lo
889 953 941 983 the
958 954 1065 984 norllz.
1137 957 1152 992 ξ
1167 953 1196 985 6.
1222 955 1274 985 Hc
1289 955 1360 985 and
1374 956 1537 992 Valerius,

366 1004 448 1034 with
465 1005 518 1034 tlze
536 1005 602 1044 cily
617 1015 723 1044 army,
742 1009 925 1045 rc-caplurc
945 1005 1111 1043 Sutrium,
1128 1006 1200 1036 and
1218 1011 1334 1037 restore:
1356 1007 1383 1037 it
1403 1012 1433 1038 lo
1453 1007 1542 1038 their

365 1056 466 1087 allies.
539 1059 554 1093 ξ
572 1065 583 1085 1
593 1066 620 1086 2.
650 1057 682 1087 T
678 1057 737 1096 lzcy
748 1056 824 1087 tlzcn
841 1057 952 1087 marclc
969 1057 1101 1098 against
1117 1057 1246 1098 chpete,
1263 1059 1370 1089 which
1389 1059 1418 1089 is
1433 1059 1470 1090 in
1487 1059 1539 1090 tlte

369 1107 475 1138 hands
490 1108 589 1149 oftlze
605 1108 802 1140 Etruscam.

251 1197 267 1225 1
337 1188 516 1226 Ceterum
537 1189 685 1226 animus
706 1189 812 1226 ducis
833 1189 882 1226 rei
903 1189 1047 1236 maiori,
1071 1189 1200 1237 Antio,
1224 1190 1472 1229 imminebat:
1499 1191 1538 1230 id

249 1263 268 1294 2
282 1260 396 1303 caput
412 1253 656 1299 Volscorum,
678 1266 764 1291 eam
785 1253 899 1291 fuisse
921 1255 1108 1303 originem
1128 1256 1292 1305 proximi
1312 1256 1410 1294 belli.
1461 1256 1537 1295 Sed

282 1320 371 1370 quia
405 1320 475 1356 nisi
509 1332 653 1369 magno
687 1327 881 1369 apparatu,
916 1321 1115 1359 tormentis
1148 1322 1421 1372 machinisque,
1457 1330 1537 1361 tam

281 1384 404 1421 valida
424 1385 514 1422 urbs
535 1385 617 1434 capi
640 1397 718 1423 non
738 1393 896 1434 poterat,
919 1386 1050 1423 relicto
1072 1386 1121 1423 ad
1147 1387 1357 1424 exercitum
1377 1388 1534 1438 collega,

284 1450 452 1487 Romam
473 1457 528 1487 est
548 1450 754 1500 profectus,
777 1458 817 1488 ut
839 1459 1012 1489 senatum
1033 1452 1081 1489 ad
1102 1452 1356 1491 excidendum
1377 1454 1536 1492 Antium

251 1515 502 1553 3hortaretur.
560 1515 663 1552 Inter
693 1528 910 1553 sermonem
949 1517 1029 1554 eius
1065 1514 1198 1568 (credo
1230 1530 1310 1555 rem
1340 1518 1536 1557 Antiatem

282 1581 555 1618 diuturniorem
575 1593 730 1618 manere
751 1582 809 1619 dis
828 1582 934 1619 cordi
959 1582 1091 1630 fuisse>
1112 1583 1224 1633 legati
1249 1585 1299 1621 ab
1321 1583 1470 1634 Nepete
1490 1597 1535 1622 ac

282 1646 409 1684 Sutrio
438 1646 621 1682 auxilium
651 1647 830 1684 adversus
854 1646 1036 1685 Etruscos
1066 1655 1240 1697 petentes
1260 1649 1426 1696 veniunt,
1449 1651 1534 1687 bre-

280 1724 366 1749 vem
386 1712 633 1748 occasionem
653 1724 735 1749 esse
758 1712 900 1750 ferendi
921 1713 1047 1750 auxilii
1069 1721 1336 1751 memorantes.
1379 1713 1439 1751 Eo
1459 1715 1535 1751 vim

250 1784 267 1813 4
282 1776 432 1814 Camilli
461 1777 510 1813 ab
530 1776 649 1814 Antio
674 1777 825 1814 fortuna
845 1779 983 1815 avertit.
1042 1778 1223 1828 Namque
1245 1791 1363 1828 quum
1384 1791 1429 1816 ea
1450 1779 1535 1817 loca

281 1843 459 1891 opposita
479 1841 651 1879 Etruriae
672 1850 708 1880 et
729 1843 829 1880 velut
850 1843 1012 1881 claustra
1041 1844 1128 1881 inde
1158 1852 1365 1893 portaeque
1394 1852 1531 1890 essent,

281 1915 318 1945 et
338 1908 408 1945 illis
429 1909 644 1958 occupandi
674 1923 729 1956 ea,
754 1922 871 1959 quum
901 1910 992 1960 quid
1022 1911 1108 1948 novi
1138 1910 1373 1957 molirentur,
1395 1917 1433 1947 et
1454 1910 1533 1948 Ro-

249 1974 405 2011 5manis
438 1975 686 2024 recuperandi
718 1976 926 2026 tuendique
958 1987 1049 2013 cura
1082 1982 1171 2013 erat.
1229 1975 1350 2024 Igitur
1388 1977 1534 2013 senatui

280 2051 367 2077 cum
384 2038 547 2078 Camillo
567 2041 627 2089 agi
649 2041 801 2090 placuit,
820 2048 859 2078 ut
876 2041 1018 2078 omisso
1034 2040 1152 2078 Antio
1172 2041 1314 2078 bellum
1329 2041 1533 2078 Etruscum

280 2105 486 2153 susciperet
502 2119 510 2151 ;
541 2105 712 2155 legiones
731 2107 910 2151 urbanae,
927 2106 1066 2155 quibus
1082 2105 1286 2152 Quinctius
1307 2105 1529 2155 praefuerat,

249 2169 314 2205 6ei
345 2169 611 2207 decernuntur.
669 2163 905 2220 Quanquam
936 2177 1135 2220 expertum
1166 2171 1375 2208 exercitum
1405 2183 1531 2209 assue-

279 2241 437 2284 tumque
470 2235 639 2284 imperio,
670 2236 734 2285 qui
767 2236 804 2272 in
832 2235 982 2273 Volscis
1012 2242 1102 2282 erat,
1136 2235 1275 2283 mallet,
1307 2235 1398 2274 nihil
1425 2248 1530 2274 recu-
