1736 2521
341 129 420 173 152
679 126 808 169 LJVY,
838 125 976 158 BOOK
999 125 1057 157 VJ.
1080 127 1148 171 33,
1170 127 1238 170 34.

179 239 222 266 B·
224 238 263 267 Ο·
336 245 456 284 prope
476 238 578 272 certa
599 232 737 270 fiducia
757 244 849 270 mox
870 230 1080 281 capiendae
1106 230 1214 277 arcis,
1237 229 1421 280 quoniam
1447 228 1591 279 oppido

153 282 277 311 ³⁷⁷'6
283 299 323 363 ‘H
338 300 557 349 potirentur,
577 299 617 336 in
637 299 814 347 exiguam
835 297 881 335 de
901 309 940 334 se
961 297 1051 346 ipsis
1071 308 1177 346 spem
1197 302 1368 333 verterat.
1427 294 1592 332 Tollitur

339 377 386 402 ex
407 377 493 402 arce
513 364 656 402 clamor
676 364 725 400 ab
741 362 993 409 Tusculanis3
1023 362 1164 411 excipit
1185 362 1380 411 aliquanto
1399 360 1521 398 maior
1541 360 1592 397 ab

338 430 505 467 exercitu
524 429 716 466 Romano.
765 427 952 477 Utrinque
967 434 1149 476 urgentur
1165 427 1312 472 Latini;
1342 438 1412 464 nec
1428 427 1593 475 impetus

340 494 647 532 Tusculanorum
678 493 956 531 decurrentium
989 505 1036 530 ex
1068 492 1264 542 superiore
1292 492 1378 530 loco
1409 491 1593 528 sustinent

341 573 411 598 nec
451 559 652 596 Romanos
699 559 905 595 subeuntes
946 558 1100 595 moenia
1146 557 1421 606 molientesque
1463 556 1595 594 obices

289 641 327 670 12
341 632 536 676 portarum
558 636 686 661 arcere
705 630 878 674 possunt.
936 623 1054 661 Sealis
1074 624 1176 673 prius
1195 623 1349 661 moenia
1368 629 1490 672 capta,
1507 621 1596 659 inde

342 691 496 728 effracta
526 689 688 726 claustra
716 695 936 738 portarum;
976 695 1011 726 et
1041 700 1160 739 quum
1191 700 1333 737 anceps
1363 687 1481 726 hostis
1510 694 1546 724 et
1574 699 1597 724 a

343 756 466 793 fronte
488 761 524 792 et
544 766 567 791 a
586 760 695 803 tergo
715 760 877 803 urgeret,
899 766 970 791 nec
995 753 1043 791 ad
1070 765 1241 803 pugnam
1269 753 1343 791 ulla
1370 753 1424 790 vis
1451 764 1521 790 nec
1548 751 1597 789 ad

342 820 473 870 fugam
493 819 567 857 loci
588 819 795 868 quicquam
817 825 1040 868 superesset,
1061 820 1099 856 in
1123 819 1251 856 medio
1275 819 1373 856 caesi
1401 817 1450 856 ad
1475 829 1596 855 unum

343 897 488 923 omnes.
527 884 768 934 Recuperato
783 885 832 922 ab
846 884 1016 922 hostibus
1030 884 1214 930 Tusculo,
1227 885 1415 922 exereitus
1429 883 1597 921 Romam

346 956 401 987 est
420 949 609 987 reductus.

179 1055 249 1087 Ch,
268 1053 330 1086 34·
347 1051 361 1086 ξ
384 1056 411 1079 1.
437 1048 619 1079 Alcante'mc
635 1048 687 1079 tlte
709 1047 839 1079 dz‘slrcss
855 1047 895 1089 ῳ(
907 1048 976 1079 (ιέὐί
993 1048 1158 1084 incr-cases,
1176 1048 1248 1079 and
1265 1058 1341 1079 even
1358 1047 1410 1078 tlte
1432 1046 1553 1077 leaders
1570 1047 1610 1086 of

430 1099 482 1129 tlte
487 1099 576 1139 plebs
589 1100 649 1130 lose
661 1099 763 1131 beart.
833 1101 849 1136 ξ
866 1109 894 1139 5.
919 1100 992 1130 But
1003 1111 1023 1130 a
1036 1099 1188 1130 wmnan's
1201 1110 1283 1139 cnvy
1294 1099 1385 1140 gives
1396 1099 1448 1129 the
1460 1097 1601 1130 occasion

420 1150 482 1192 for
503 1160 524 1181 a
541 1150 690 1190 plebeiam
713 1151 886 1191 agitativa,
904 1151 956 1182 led
975 1151 1014 1191 by
1030 1152 1080 1182 M.
1095 1152 1220 1182 Fabius
1243 1151 1314 1182 ancl
1335 1151 1387 1182 lzz‘s
1409 1150 1602 1182 son-in-law

437 1203 472 1234 C.
491 1202 648 1233 Licinius
665 1202 764 1234 Slolo.

319 1278 335 1306 1
403 1273 564 1320 Quanto
583 1274 706 1324 magis
725 1275 916 1324 prosperis
935 1287 983 1313 eo
1003 1288 1106 1314 anno
1126 1276 1233 1314 bellis
1253 1275 1454 1325 tranquilla
1473 1274 1603 1313 omnia

351 1340 441 1378 soris
464 1346 581 1386 erant,
603 1346 751 1376 tantum
771 1341 809 1376 in
829 1341 922 1378 urbe
942 1342 996 1378 vis
1016 1349 1166 1391 patrum
1189 1342 1227 1379 in
1248 1342 1328 1379 dies
1355 1341 1602 1390 miseriaeque

350 1405 470 1455 plebis
496 1405 727 1449 crescebant,
749 1417 867 1454 quum
893 1418 940 1444 eo
967 1404 1060 1456 ipso,
1084 1408 1188 1457 quod
1216 1419 1368 1446 necesse
1396 1413 1473 1445 erat
1498 1406 1603 1450 solvi,

320 1470 509 1508 ‘2facultas
542 1470 712 1507 solvendi
734 1471 999 1536 impediretur.
1071 1472 1205 1537 Itaque
1235 1486 1355 1523 quum
1384 1473 1461 1510 iam
1490 1484 1536 1510 ex
1566 1483 1605 1508 re

351 1536 444 1573 nihil
470 1535 550 1572 dari
577 1542 717 1584 posset,
724 1524 846 1573 fama
869 1544 906 1574 et
933 1530 1104 1587 corpor-,c
1130 1539 1284 1576 iudicati
1313 1546 1427 1589 atque
1455 1536 1606 1582 addicti,

351 1601 599 1640 creditoribus
629 1600 921 1645 satisfaciebant,
957 1615 1156 1652 poenaque
1190 1604 1228 1641 in
1257 1604 1379 1642 vicem
1412 1604 1496 1641 fidei
1526 1615 1606 1641 ces-

321 1677 338 1706 3
353 1673 460 1705 serat.
534 1665 646 1703 Adeo
679 1678 773 1716 ergo
811 1667 1001 1705 obnoxios
1036 1669 1302 1706 summiserant
1340 1670 1489 1707 animos
1528 1680 1607 1706 non

352 1731 492 1769 infirmi
513 1731 648 1777 solum,
670 1732 735 1769 sed
756 1732 947 1782 principes
967 1733 1079 1770 etiam
1101 1733 1233 1783 plebis,
1254 1741 1294 1771 ut
1315 1746 1393 1772 non
1418 1734 1537 1771 modo
1559 1732 1609 1770 ad

322 1797 585 1834 4tribunatum
612 1797 775 1834 rnilitum
802 1798 898 1835 inter
922 1799 1100 1847 patricios
1127 1799 1345 1848 petendum,
1373 1799 1479 1848 quod
1505 1805 1609 1836 tanta

353 1863 387 1899 vi
408 1869 448 1900 ut
467 1862 592 1900 liceret
611 1863 861 1912 tetenderant,
882 1863 949 1901 sed
970 1876 1017 1901 ne
1038 1864 1087 1901 ad
1108 1865 1276 1913 plebeios
1297 1865 1451 1914 quidem
1469 1864 1609 1913 magis-

353 1935 472 1966 tratus
492 1914 754 1977 capessendos
763 1893 1044 1978 petendosque
1049 1912 1168 1966 ussi⁷
1133 1942 1213 1967 V1ro
1230 1930 1306 1968 acri
1323 1930 1609 1979 experientique

25 2014 53 2051 y·
164 2014 186 2017 --
216 2014 274 2029 ,ψ
354 1993 505 2030 animus
533 2000 642 2039 esset,
668 1994 1030 2044 possessionemque
1058 1994 1216 2032 honoris
1241 1996 1410 2044 usurpati
1441 1995 1559 2033 modo
1588 2007 1611 2032 a

354 2059 465 2108 plebe
491 2071 559 2108 per
585 2071 730 2108 paucos
755 2071 880 2096 annos
906 2072 1146 2109 recuperasse
1171 2061 1208 2097 in
1236 2067 1457 2109 perpetuum
1485 2067 1611 2110 patres

325 2134 342 2164 5
358 2124 580 2161 viderentur.
638 2123 699 2161 Ne
728 2123 767 2161 id
795 2124 909 2161 nimis
937 2124 1078 2161 laetum
1105 2125 1201 2174 parti
1226 2125 1329 2163 alteri
1354 2131 1463 2172 esset,
1484 2138 1609 2175 parva,

357 2196 397 2226 ut
424 2188 645 2238 plerumque
674 2188 781 2233 solet,
811 2201 890 2226 rem
919 2189 1114 2238 ingentem
1141 2190 1326 2228 moliundi
1354 2203 1469 2228 causa
1496 2191 1610 2228 inter·

358 2253 468 2290 venit.
525 2252 581 2291 M.
619 2253 725 2291 Fabii
757 2254 949 2301 Ambusti,
982 2255 1148 2304 potentis
1179 2255 1244 2292 viri
1275 2267 1393 2305 quum
1426 2256 1522 2293 inter
1551 2257 1609 2294 sui
