1670 2532
293 119 371 146 100
640 116 769 156 LIVJ',
799 116 937 148 BOOK
959 116 996 148 V.
1019 117 1087 160 51,
1111 116 1178 160 52.

82 225 163 253 EC·
182 226 271 253 390-
285 221 332 258 Et
347 233 447 258 nunc
461 222 694 271 quiescerem
708 234 751 259 ac
761 228 923 259 tacerem
936 222 1103 267 libenter,
1113 223 1182 259 nisi
1197 222 1288 260 haec
1301 233 1454 272 quoque
1466 234 1537 272 pro

285 287 404 336 patria
425 287 616 324 dimicatio
631 294 751 331 esset;
781 287 840 324 cui
861 287 1003 331 deesse,
1016 288 1145 336 quoad
1165 288 1238 324 vita
1259 294 1443 337 suppetat,
1456 288 1538 325 aliis

255 359 273 389 3
287 359 405 400 turpe,
421 350 584 388 Camillo
596 351 710 388 etiam
723 351 829 388 nefas
841 357 908 389 est.
964 351 1067 398 Quid
1082 352 1183 389 enim
1205 353 1433 402 repetiimus,
1447 351 1539 401 quid

283 417 482 454 obsessam
507 429 554 453 ex
583 415 751 453 hostium
780 417 957 453 manibus
985 418 1200 466 eripuimus,
1222 418 1252 454 si
1279 425 1538 466 recuperatam

283 482 352 531 ipsi
369 482 603 519 deserimus?
633 481 681 518 Et
700 493 831 530 quum,
846 481 1051 520 victoribus
1065 481 1195 524 Gallis.
1212 490 1322 531 capta
1342 490 1421 519 tota
1433 483 1537 526 urbe,

283 546 513 595 Capitolium
531 554 659 584 tamen
679 554 791 596 atque
813 558 940 584 arcem
970 547 1097 596 diique
1118 554 1154 584 et
1175 546 1347 584 homines
1369 546 1536 584 Romani

284 612 471 649 tenuerint
499 619 535 649 et
567 612 825 656 habitaverint,
855 612 1057 649 victoribus
1086 611 1283 657 Romanis,
1313 619 1538 661 recuperata

284 678 387 722 urbe,
404 689 469 714 arx
491 690 644 727 quoque
665 684 700 714 et
717 677 950 726 Capitolium
971 677 1175 722 deseretur,
1197 684 1232 714 et
1252 677 1336 726 plus
1355 677 1538 714 vastitatis

284 743 370 780 huic
386 743 468 780 urbi
488 743 655 780 secunda
674 750 800 780 nostra
817 743 967 781 fortuna
986 742 1106 787 saciet,
1123 755 1237 792 quam
1259 743 1415 780 adversa
1427 742 1538 781 fecit?

255 812 272 842 4
288 808 490 857 Equidem,
513 809 542 845 si
562 809 674 845 nobis
695 820 784 846 cum
804 809 896 846 urbe
919 808 1029 846 simul
1050 809 1196 858 positae
1217 808 1451 858 traditaeque
1470 821 1538 858 per

285 885 423 911 manus
442 873 642 923 religiones
662 874 787 911 nullae
814 882 952 920 essent,
973 882 1101 912 tamen
1122 882 1200 911 tarn
1220 874 1374 912 evidens
1395 887 1537 912 numen

284 940 356 976 hac
374 945 597 988 tempestate
618 940 731 976 rebus
757 939 863 976 affuit
885 939 1082 985 Romanis,
1103 947 1143 977 ut
1161 952 1316 977 omnem
1341 940 1536 989 negligen-

253 1012 271 1041 5
285 1004 376 1040 tiam
397 1004 510 1041 divini
531 1003 652 1041 cultus
671 1011 891 1053 exemptam
910 1004 1130 1042 bominibus
1150 1012 1289 1054 putem.
1333 993 1549 1042 Intuemini

285 1070 387 1106 enim
410 1068 547 1106 horum
577 1069 758 1118 deinceps
784 1069 1059 1106 annorum-vel
1085 1070 1273 1107 secundas
1295 1082 1355 1107 res
1381 1069 1440 1107 vel
1473 1070 1538 1107 ad—

283 1146 434 1180 versas;
481 1134 676 1171 invenietis
710 1134 840 1171 omnia
872 1146 1052 1184 prospera
1081 1135 1251 1172 evenisse
1291 1135 1539 1184 sequentibus

254 1207 272 1235 6
285 1200 390 1244 deos,
411 1199 568 1237 adversa
587 1200 863 1248 spernentibus.
920 1199 1004 1237 Iam
1025 1201 1197 1238 omnium
1217 1200 1381 1249 primum
1396 1200 1538 1238 Veiens

285 1265 551 1314 bellum—per
583 1271 676 1314 quot
709 1277 843 1311 annos,
877 1273 1022 1314 quanto
1061 1265 1191 1303 labore
1229 1272 1380 1315 gestum
1393 1265 1538 1303 l—non

285 1334 373 1365 ante
410 1328 510 1377 cepit
549 1327 674 1373 finem,
705 1339 821 1377 quam
860 1329 1009 1365 monitu
1042 1329 1201 1366 deorum
1227 1340 1339 1378 -aqua
1376 1341 1424 1366 ex
1455 1328 1539 1367 lacu

254 1402 271 1434 7
286 1393 440 1430 Albano
455 1393 595 1430 emissa
611 1399 677 1430 est.
735 1391 839 1439 Quid
855 1393 948 1431 haec
963 1394 1116 1431 tandem
1133 1394 1236 1432 urbis
1247 1401 1399 1432 nostrae
1411 1394 1540 1432 clades

285 1460 410 1496 nova?
439 1470 532 1494 num
551 1465 639 1495 ante
659 1465 792 1495 exorta
811 1465 877 1503 est,
898 1471 1013 1507 quarn
1036 1467 1162 1509 spreta
1181 1472 1254 1497 vox
1275 1459 1382 1497 caelo
1401 1460 1540 1498 emissa

284 1521 330 1558 de
351 1521 515 1558 adventu
536 1520 746 1566 Gallorum,
767 1532 883 1569 quarn
903 1522 1074 1571 gentium
1101 1523 1159 1559 ius
1180 1523 1228 1559 ab
1248 1522 1380 1572 legatis
1399 1523 1540 1560 nostris

283 1586 476 1631 violatum,
506 1598 621 1635 quam
650 1598 673 1623 a
700 1586 823 1632 nobis,
852 1599 968 1636 quum
999 1588 1178 1625 vindicari
1212 1587 1378 1633 deberet,
1404 1587 1539 1625 eadem

256 1652 518 1702 Snegligentia
539 1652 698 1690 deorum
723 1653 1055 1701 praetermissum?
1113 1653 1232 1703 Igitur
1254 1653 1337 1690 vieti
1362 1653 1539 1702 captique

286 1730 330 1754 ae
351 1718 535 1767 redempti
555 1725 701 1754 tantum
723 1730 935 1767 poenarum
955 1718 1013 1755 dis
1037 1718 1330 1768 hominibusque
1354 1718 1539 1763 dedimus,

286 1790 325 1820 ut
344 1790 526 1820 terrarum
560 1783 642 1820 orbi
677 1783 908 1821 documento
942 1795 1121 1821 essemus.
1176 1784 1368 1821 Adversae
1402 1783 1539 1820 deinde

255 1858 273 1885 9
288 1860 347 1885 res
371 1848 650 1885 admonuerunt
679 1848 917 1897 religionum.
974 1849 1227 1898 Consugimus
1246 1849 1283 1885 in
1309 1848 1539 1898 Capitolium

286 1914 335 1950 ad
362 1913 703 1964 deos-agljedem,
722 1913 829 1956 Iovis,
852 1915 987 1963 99,th
1017 1915 1199 1960 maximi;
1229 1927 1335 1952 sacra
1363 1915 1401 1951 in
1431 1914 1541 1951 ruina

299 1960 424 1975 f.
986 1955 1149 1968 w

285 1991 410 2016 rerum
430 1987 644 2016 nostrarum
667 1980 738 2016 alia
758 1986 856 2017 terra
882 1980 1094 2025 celavimus,
1116 1980 1187 2017 alia
1214 1987 1342 2018 avecta
1362 1981 1401 2016 in
1428 1979 1539 2016 finiti-

285 2056 366 2081 mas
386 2045 498 2081 urbes
523 2044 735 2081 amovimus
758 2044 807 2081 ab
834 2043 1000 2081 hostium
1028 2044 1173 2088 oculis;
1204 2044 1362 2081 deorum
1386 2044 1539 2087 cultum,

286 2110 421 2147 deserti
459 2110 508 2146 ab
546 2109 616 2147 diis
652 2109 956 2159 hominibusque,
990 2116 1117 2146 tamen
1149 2121 1227 2146 non
1260 2109 1538 2146 intermisimus.

238 2186 277 2214 10
291 2175 507 2212 Reddidere
537 2176 649 2224 igitur
682 2176 843 2224 patriam
876 2182 912 2212 et
938 2175 1132 2212 victoriam
1161 2181 1198 2211 et
1226 2175 1425 2224 antiquum
1452 2173 1539 2211 belli

289 2241 405 2279 decus
424 2242 619 2288 amissum,
639 2248 676 2278 et
699 2241 737 2278 in
763 2240 902 2287 hostes,
923 2241 987 2290 qui
1010 2240 1114 2278 caeci
1135 2240 1286 2277 avaritia
1307 2241 1343 2276 in
1368 2239 1540 2289 pondere
