1736 2521
381 121 461 150 212
713 117 842 157 LlVr,
870 117 1008 149 BOOK
1032 118 1111 150 νη.
1133 122 1201 164 32,
1223 122 1291 165 33.

177 228 260 257 ze.
275 230 364 258 343.
378 234 473 260 ones
495 219 557 273 (eo
584 234 750 271 namque
778 234 934 261 omnem
963 222 1050 259 belli
1079 204 1222 260 molem
1251 223 1516 260 inclinaturam
1548 235 1634 262 cen·

375 285 527 339 sebant)
549 293 776 334 occurrunt3
799 288 909 324 simul
929 287 968 324 in
991 288 1214 338 Campanos
1235 288 1454 325 stimulabat
1474 289 1529 326 ira
1554 295 1634 326 tarn

379 360 577 402 promptos
599 364 700 388 nunc
722 352 769 389 ad
791 351 958 398 ferenda,
981 365 1084 390 nunc
1115 353 1163 390 ad
1191 354 1425 391 accersenda
1454 353 1634 391 adversus

348 425 420 456 4se
452 418 601 455 auxilia.
659 416 712 455 Ut
743 429 831 455 vero
867 425 991 454 castra
1026 417 1207 456 Romana
1239 419 1426 465 viderunt,
1461 418 1635 456 ferociter

379 496 448 534 pro
478 495 516 520 se
548 483 707 532 quisque
740 483 892 532 signum
923 483 1038 521 duces
1066 496 1235 533 poscere,
1268 484 1467 530 affirmare,
1498 484 1634 521 eadem

380 548 529 587 fortuna
561 548 782 585 Romanum
815 549 1019 598 Campano
1054 549 1217 587 laturum
1251 563 1378 599 opem,
1407 563 1483 600 qua
1517 549 1634 587 Cam-

346 626 501 663 5par1us
542 613 711 651 Sidicino
749 614 883 652 tulerit.
954 614 1129 652 Valerius
1174 614 1318 652 levibus
1364 616 1635 653 certaminibus

379 679 549 716 tentandi
586 679 705 717 hostis
744 692 860 717 causa
902 679 1005 717 haud
1051 681 1102 718 ita
1146 680 1288 718 multos
1332 688 1501 718 moratus
1539 680 1631 725 dies,

348 752 365 779 (5
379 746 532 793 signum
571 757 725 794 pugnae
764 746 971 794 proposuit,
1013 746 1143 795 paucis
1183 758 1271 783 suos
1311 745 1546 792 adhortatus,
1587 757 1634 782 ne

380 822 522 847 novum
543 810 684 846 bellum
706 822 772 847 eos
801 823 999 860 novusque
1026 811 1146 848 hostis
1172 818 1326 848 terreret
1346 825 1353 848 :
1385 811 1566 861 quicquid
1586 811 1634 848 ab

379 876 471 912 urbe
492 874 643 924 longius
664 875 873 924 proferrent
893 888 1010 921 arma,
1034 877 1156 925 magis
1184 877 1384 926 magisque
1406 877 1444 913 in
1464 876 1634 914 imbelles

349 947 512 989 Jgentes
551 953 616 978 eos
655 941 817 990 prodire.
875 941 936 978 Ne
977 940 1232 978 Sidicinorum
1269 941 1634 992 Campanorumque

380 1006 552 1043 cladibus
588 1006 816 1043 Samnitium
850 1007 1093 1044 aestimarent
1123 1007 1321 1053 virtutem;
1352 1007 1634 1057 qualescunque

380 1073 476 1109 inter
506 1084 545 1109 se
575 1073 806 1119 certaverint,
833 1085 988 1110 necesse
1019 1072 1132 1110 fuisse
1165 1072 1321 1109 alteram
1351 1079 1497 1122 partem
1524 1073 1632 1109 vinci.

381 1137 604 1187 Campanos
634 1138 791 1187 quidem
821 1137 925 1175 haud
954 1138 1069 1175 dubie
1099 1138 1222 1187 magis
1254 1138 1374 1175 nimio
1399 1138 1491 1175 luxu
1515 1137 1635 1175 fluen-

380 1203 480 1240 tibus
502 1204 614 1240 rebus
640 1203 874 1253 mollitiaque
905 1215 973 1241 sua
997 1216 1115 1253 quam
1142 1204 1175 1239 vi
1199 1202 1367 1240 hostium
1393 1204 1512 1241 victos
1540 1215 1633 1240 esse.

380 1334 516 1370 nitium
537 1334 717 1371 adversus
738 1341 791 1372 tot
813 1334 953 1371 decora
976 1334 1107 1383 populi
1135 1333 1315 1381 Romani,
1338 1334 1403 1384 qui
1423 1334 1636 1384 triumphos

348 1409 503 1449 opaene
524 1399 651 1449 plures
671 1411 788 1448 quam
814 1411 936 1437 annos
963 1400 1012 1436 ab
1035 1400 1128 1444 urbe
1157 1399 1312 1437 condita
1341 1406 1515 1437 numeret
1529 1412 1538 1446 ;
1570 1399 1635 1449 qui

381 1464 513 1501 omnia
548 1464 649 1501 circa
683 1477 734 1511 se,
773 1464 949 1509 Sabinos,
980 1463 1186 1510 Etruriam,
1222 1463 1394 1510 Latinos,
1429 1464 1633 1509 Hernicos,

348 1571 353 1577 .
381 1529 550 1578 Aequos,
586 1529 762 1575 Volscos,
797 1530 1014 1574 Auruncos,
1052 1529 1196 1566 domita
1228 1529 1343 1567 armis
1376 1529 1538 1577 habeat3
1569 1530 1635 1579 qui

383 1593 519 1632 Gallos
539 1601 594 1632 tot
615 1595 768 1644 proeliis
788 1606 922 1632 caesos
942 1601 1138 1644 postremo
1160 1595 1198 1631 in
1219 1607 1323 1632 mare
1345 1607 1388 1632 ac
1410 1607 1525 1633 naves
1545 1595 1637 1644 suga

331 1672 369 1702 10
382 1660 632 1709 compulerit?
690 1659 824 1706 Quum
854 1660 973 1708 gloria
993 1659 1079 1696 belli
1109 1672 1152 1697 ac
1183 1660 1315 1697 virtute
1345 1673 1414 1697 sua
1444 1672 1636 1709 quemque

383 1724 498 1762 fretos
517 1726 570 1762 ire
590 1726 629 1762 in
650 1726 771 1763 aciem
797 1725 945 1770 debere,
967 1732 1049 1761 tum
1076 1725 1190 1762 etiam
1221 1725 1367 1771 intueri,
1389 1726 1496 1762 cuius
1521 1725 1636 1762 ductu

329 1802 367 1830 11
383 1791 629 1840 auspicioque
650 1790 817 1828 ineunda
838 1802 968 1840 pugna
989 1790 1045 1835 sit,
1061 1797 1187 1826 utrum
1203 1791 1280 1840 qui,
1297 1790 1509 1828 audiendus
1525 1791 1636 1828 dum-

382 1863 499 1902 taxat,
538 1855 766 1905 magnificus
805 1855 1026 1893 adhortator
1067 1856 1126 1901 sit,
1164 1856 1288 1893 verbis
1325 1862 1475 1892 tantum
1517 1855 1636 1900 ferox,

381 1933 542 1971 operum
573 1921 791 1958 militarium
825 1933 974 1970 expers,
1005 1933 1054 1957 an
1086 1921 1149 1970 qui
1179 1928 1215 1957 et
1250 1922 1329 1970 ipse
1359 1921 1433 1958 tela
1461 1928 1635 1967 tractare,

382 1986 590 2036 procedere
611 1993 698 2023 ante
719 1986 842 2035 signa,
863 1986 1003 2023 versari
1025 1986 1151 2023 media
1176 1986 1215 2022 in
1235 1986 1337 2023 mole
1356 1998 1511 2035 pugnae
1531 1986 1635 2024 sciat.

384 2129 453 2153 nec
474 2117 714 2166 disciplinam
742 2116 872 2160 modo,
894 2116 961 2153 sed
989 2115 1210 2165 exemplum
1237 2116 1352 2152 etiam
1372 2128 1395 2153 a
1414 2128 1476 2153 me
1496 2123 1635 2165 petere.

383 2181 475 2220 Non
500 2181 730 2219 factionibus
755 2194 824 2218 nec
849 2193 917 2229 per
948 2181 1136 2218 coitiones
1163 2181 1320 2217 usitatas
1343 2180 1548 2226 nobilibus,
1569 2180 1637 2218 sed

383 2246 454 2283 hac
494 2246 628 2284 dextra
666 2245 757 2282 mihi
800 2253 874 2282 tres
912 2245 1133 2283 consulatus
1177 2256 1445 2295 summamque
1482 2244 1636 2283 laudem

349 1276 366 1306 ε
382 1268 487 1315 Quid
509 1276 637 1306 autem
659 1281 741 1306 esse
761 1269 838 1306 duo
859 1281 1044 1318 prospera
1063 1269 1102 1306 in
1130 1276 1185 1306 tot
1212 1269 1371 1306 saeculis
1398 1269 1496 1306 bella
1525 1268 1634 1307 Sam-
1686 1289 1691 1292 -

330 2050 524 2088 12‘Facta
543 2064 640 2096 mea,
669 2063 749 2089 non
776 2051 876 2088 dicta
906 2063 984 2095 vos,
1015 2050 1174 2088 milites'
1205 2051 1338 2100 inquit,
1373 2051 1507 2101 ‘sequi
1536 2051 1635 2097 volo,
1687 2052 1696 2064 ⁶
