1637 2554
399 147 506 179 WAR
538 147 719 180 AMONG
751 148 850 180 THE
880 149 1050 188 AEQUI.
1298 150 1347 193 71

97 253 240 291 civibus
259 254 401 303 gratiae
422 261 538 292 actae.
596 254 751 292 Faliscis
771 255 810 291 in
836 254 1067 304 stipendium
1088 254 1251 290 militum
1272 255 1351 291 eius
1365 262 1448 290 ac.
1464 262 1554 290 394.

97 306 695 368 affifff‘pffffimanus
725 321 866 357 tributo
899 326 1058 364 vacaret,
1086 320 1248 368 pecunia
1282 320 1351 356 im-

97 390 238 433 perata.
294 384 392 428 Pace
413 385 511 436 data,
533 386 719 422 exercitus
739 385 907 423 Romam
927 385 1114 422 reduetus.

100 508 115 542 ξ
138 514 164 536 1.
191 506 235 536 In
261 506 420 547 deftrcncc
447 510 477 536 to
505 506 669 537 Camillus
691 517 711 536 a
731 507 845 546 goklcn
868 506 952 537 bowl
972 506 1000 536 z's
1022 511 1093 537 sent
1115 510 1144 537 to
1167 505 1219 536 llze
1237 505 1304 546 god
1321 505 1360 546 qs
1366 506 1438 540 Ch.
1457 505 1522 538 28.

186 557 318 598 Delphi,
331 558 388 587 but
405 557 433 587 is
448 557 543 588 taken
557 568 596 587 on
610 557 661 588 lllc
674 567 748 596 way
758 558 796 597 by
804 558 982 599 piratcsof
989 558 1140 598 Liparae,
1154 557 1226 587 wlzo
1237 557 1317 587 send
1327 557 1353 586 z't

171 607 332 649 sorroard
352 619 393 639 on
415 609 466 639 the
489 608 599 639 advice
615 608 654 649 of
663 609 694 639 T
691 609 892 639 c'masz'tltms.
941 612 956 646 ξ
972 618 999 648 5.
1027 609 1058 639 T
1053 609 1090 640 hc
1103 608 1258 649 Acquian
1282 618 1357 638 war

184 660 213 690 is
232 659 363 690 carried
380 670 421 690 on
443 660 481 699 by
497 660 664 690 Aemilius
686 660 757 690 and
770 661 961 691 Postumius
984 660 1066 690 with
1091 659 1203 691 mixed
1226 669 1352 696 success,

183 711 310 752 ending·
322 711 359 741 in
374 721 395 741 a
413 711 541 741 Roman
558 711 691 751 victory.

153 786 337 825 Camillus
369 786 527 823 meliore
560 786 681 823 multo
716 785 837 832 laude,
867 798 985 835 quam
1015 798 1136 836 quum
1168 785 1383 835 triumph-1

98 859 227 891 antem
265 852 340 889 albi
377 864 445 900 per
482 851 619 888 urbem
658 858 837 888 vexerant
875 852 976 901 equi,
1010 852 1181 901 insignis,
1216 851 1355 888 iustitia

92 916 584 975 ψ
601 929 720 965 quum
740 917 779 953 in
802 918 938 954 urbem
964 917 1133 963 redisset,
1155 917 1256 954 taciti
1276 917 1356 954 eius

98 982 364 1021 verecundiam
385 994 464 1019 non
485 982 565 1018 tulit
585 989 750 1027 senatus,
771 983 864 1031 quin
890 983 971 1020 sine
996 995 1104 1019 mora
1124 983 1199 1020 voti
1220 982 1355 1019 libera·
1414 1019 1418 1023 ,

98 1055 210 1086 retur.
275 1047 550 1096 Crateramque
595 1058 750 1083 auream
794 1047 940 1084 donum
976 1047 1144 1097 Apollini
1182 1046 1385 1096 Delph0s2

99 1113 213 1163 legati
250 1113 314 1163 qui
348 1112 498 1157 ferrent,
533 1111 577 1149 L.
607 1111 793 1158 Valerius,
827 1111 872 1150 L.
907 1112 1071 1162 Sergius,
1106 1113 1152 1150 A.
1187 1111 1356 1149 Manlius

98 1179 203 1216 missi
229 1179 346 1228 longa
374 1190 451 1214 una
479 1189 585 1222 nave,
606 1176 709 1214 haud
736 1177 869 1226 procul
895 1177 990 1215 freto
1021 1177 1147 1215 Siculo
1176 1190 1198 1215 a
1227 1177 1357 1226 piratis

99 1243 366 1294 Liparensium
393 1243 541 1292 excepti
569 1242 803 1280 devehuntur
823 1243 991 1292 Liparas.
1050 1243 1140 1281 Mos
1166 1250 1245 1280 erat
1270 1242 1388 1280 civi-3

38 1329 42 1332 ·
100 1311 185 1347 tatis
217 1309 317 1346 velut
353 1308 506 1358 publico
545 1307 742 1346 latrocinio
781 1315 928 1357 partam
966 1308 1148 1358 praedam
1183 1307 1358 1344 dividere.

100 1375 214 1414 Forte
247 1386 294 1412 eo
327 1386 431 1411 anno
464 1374 503 1411 in
543 1385 696 1411 summo
731 1374 953 1423 magistratu
986 1372 1445 1428 Q

101 1440 269 1491 quidam,
291 1439 1117 1501 RomaEiQr—fflQqui
1145 1438 1356 1488 legatorum
1371 1447 1389 1476 4

101 1517 246 1543 nomen
266 1505 488 1554 donumque
509 1511 546 1542 et
566 1504 692 1550 deum,
713 1505 773 1542 cui
793 1505 1013 1550 mitteretur,
1034 1511 1071 1541 et
1091 1503 1182 1541 doni
1203 1515 1359 1541 causam

101 1571 239 1608 veritus
275 1571 355 1620 ipse
393 1570 674 1607 multitudinem
713 1581 878 1619 quoque,
913 1581 1011 1618 quae
1056 1581 1205 1618 semper
1243 1568 1361 1606 ferme

101 1635 248 1685 regenti
276 1642 331 1673 est
361 1635 504 1680 similis,
525 1635 717 1684 religionis
746 1635 866 1672 iustae
895 1634 1074 1683 implevit,
1099 1634 1362 1682 adductosque

102 1701 142 1738 in
161 1701 357 1750 publicum
372 1700 576 1750 hospitium
596 1700 741 1749 legatos
761 1711 850 1737 cum
866 1699 1057 1748 praesidio
1071 1699 1187 1736 etiam
1207 1699 1362 1735 navium

103 1765 274 1815 Delphos
293 1772 525 1815 prosecutus,
548 1764 714 1803 Romam
735 1764 822 1801 inde
843 1764 1003 1813 sospites
1029 1763 1197 1800 restituit.
1255 1762 1359 1800 Hos·
1372 1769 1390 1800 5

102 1831 237 1881 pitium
275 1844 363 1868 cum
400 1844 448 1869 eo
487 1838 640 1869 senatus
681 1830 854 1868 consulto
900 1836 956 1866 est
995 1829 1137 1866 factum
1182 1828 1361 1877 donaque

103 1897 253 1945 publice
273 1897 374 1934 data.
421 1896 571 1934 Eodem
592 1908 695 1933 anno
715 1897 753 1932 in
773 1895 917 1944 Aequis
937 1895 1037 1931 varie
1058 1894 1251 1937 bellatum,
1265 1893 1364 1931 adeo

103 1968 144 1999 ut
177 1962 217 1998 in
255 1962 399 2000 incerto
432 1962 540 1999 fuerit
573 1968 610 1999 et
644 1961 746 2009 apud
776 1961 878 2009 ipsos
912 1960 1102 1997 exercitus
1133 1966 1169 1995 et
1201 1958 1362 2003 Romae,

103 2027 280 2065 vicissent
311 2028 445 2065 victine
485 2033 622 2065 essent.
680 2026 933 2075 Imperatores
972 2024 1138 2062 Romani
1173 2024 1275 2060 fuere
1314 2025 1394 2061 ex6

105 2093 264 2130 tribunis
291 2093 452 2129 militum
473 2092 516 2130 C.
533 2091 728 2135 Aemilius,
752 2089 814 2139 Sp.
837 2089 1067 2127 Postumius.
1124 2089 1255 2126 Primo
1282 2100 1363 2126 rem

105 2158 360 2196 communiter
379 2163 576 2206 gesserunt
588 2168 597 2202 ;
628 2156 718 2193 fusis
738 2155 825 2192 inde
849 2155 929 2192 acie
956 2154 1139 2199 hostibus,
1155 2153 1364 2191 Aemilium

106 2223 293 2273 praesidio
319 2222 573 2272 Verruginem
606 2221 780 2259 obtinere
811 2220 965 2269 placuit,
994 2219 1234 2256 Postumium
1267 2219 1364 2255 fines

107 2295 264 2326 vastare.
321 2287 382 2325 Ibi
408 2299 497 2326 eum
522 2285 779 2336 incomposito
805 2285 957 2335 agmine
984 2284 1236 2335 negligentius
1256 2284 1304 2321 ab
1324 2295 1363 2321 re
1378 2290 1395 2323 7
