<?xml version="1.0" encoding="UTF-8"?>
<!DOCTYPE html PUBLIC "-//W3C//DTD XHTML 1.0 Transitional//EN"
    "http://www.w3.org/TR/xhtml1/DTD/xhtml1-transitional.dtd">
<html xmlns="http://www.w3.org/1999/xhtml" xml:lang="en" lang="en">
 <head>
  <title>
</title>
<meta http-equiv="Content-Type" content="text/html;charset=utf-8" />
  <meta name='ocr-system' content='tesseract 3.04.00' />
  <meta name='ocr-capabilities' content='ocr_page ocr_carea ocr_par ocr_line ocrx_word'/>
</head>
<body>
  <div class='ocr_page' id='page_1' title='image "./booksvvivii00livyuoft_0196.png"; bbox 0 0 1736 2521; ppageno 0'>
   <div class='ocr_carea' id='block_1_1' title="bbox 366 143 1270 193">
    <p class='ocr_par' dir='ltr' id='par_1_1' title="bbox 366 143 1270 193">
     <span class='ocr_line' id='line_1_1' title="bbox 366 143 1270 193; baseline -0.003 -10"><span class='ocrx_word' id='word_1_1' title='bbox 366 156 381 183; x_wconf 87' lang='lat'>1</span> <span class='ocrx_word' id='word_1_2' title='bbox 391 143 446 193; x_wconf 91' lang='lat'>64</span> <span class='ocrx_word' id='word_1_3' title='bbox 713 151 841 192; x_wconf 69' lang='lat' dir='ltr'><em>LJVY,</em></span> <span class='ocrx_word' id='word_1_4' title='bbox 872 149 1010 182; x_wconf 83' lang='lat' dir='ltr'><em>BOOK</em></span> <span class='ocrx_word' id='word_1_5' title='bbox 1032 149 1091 182; x_wconf 83' lang='lat' dir='ltr'>VJ.</span> <span class='ocrx_word' id='word_1_6' title='bbox 1112 152 1179 191; x_wconf 93' lang='lat'>40,</span> <span class='ocrx_word' id='word_1_7' title='bbox 1201 153 1270 191; x_wconf 89' lang='lat'>41.</span> 
     </span>
    </p>
   </div>
   <div class='ocr_carea' id='block_1_2' title="bbox 161 253 1625 1025">
    <p class='ocr_par' dir='ltr' id='par_1_2' title="bbox 161 253 1618 567">
     <span class='ocr_line' id='line_1_2' title="bbox 161 253 1617 305; baseline -0.003 -10"><span class='ocrx_word' id='word_1_8' title='bbox 161 261 243 290; x_wconf 72' lang='lat' dir='ltr'><strong>B-C·</strong></span> <span class='ocrx_word' id='word_1_9' title='bbox 261 262 350 290; x_wconf 79' lang='grc'><strong>368-</strong></span> <span class='ocrx_word' id='word_1_10' title='bbox 364 257 530 295; x_wconf 90' lang='lat' dir='ltr'>honores</span> <span class='ocrx_word' id='word_1_11' title='bbox 550 269 697 301; x_wconf 85' lang='lat' dir='ltr'>vocare,</span> <span class='ocrx_word' id='word_1_12' title='bbox 720 263 761 293; x_wconf 90' lang='lat' dir='ltr'>ut</span> <span class='ocrx_word' id='word_1_13' title='bbox 776 256 872 293; x_wconf 89' lang='lat' dir='ltr'>duos</span> <span class='ocrx_word' id='word_1_14' title='bbox 893 255 1064 305; x_wconf 87' lang='lat' dir='ltr'>plebeios</span> <span class='ocrx_word' id='word_1_15' title='bbox 1085 255 1164 293; x_wconf 88' lang='lat' dir='ltr'>fieri</span> <span class='ocrx_word' id='word_1_16' title='bbox 1184 255 1360 293; x_wconf 87' lang='lat' dir='ltr'>consules</span> <span class='ocrx_word' id='word_1_17' title='bbox 1381 254 1501 300; x_wconf 89' lang='lat' dir='ltr'>liceat,</span> <span class='ocrx_word' id='word_1_18' title='bbox 1520 253 1617 291; x_wconf 87' lang='lat' dir='ltr'>duos</span> 
     </span>
     <span class='ocr_line' id='line_1_3' title="bbox 363 320 1617 371; baseline -0.003 -12"><span class='ocrx_word' id='word_1_19' title='bbox 363 323 540 371; x_wconf 87' lang='lat' dir='ltr'>patricios</span> <span class='ocrx_word' id='word_1_20' title='bbox 571 334 650 359; x_wconf 92' lang='lat' dir='ltr'>non</span> <span class='ocrx_word' id='word_1_21' title='bbox 678 321 816 358; x_wconf 91' lang='lat' dir='ltr'>liceat?</span> <span class='ocrx_word' id='word_1_22' title='bbox 849 328 886 358; x_wconf 92' lang='lat' dir='ltr'>et</span> <span class='ocrx_word' id='word_1_23' title='bbox 915 320 1075 358; x_wconf 89' lang='lat' dir='ltr'>alterum</span> <span class='ocrx_word' id='word_1_24' title='bbox 1104 333 1151 358; x_wconf 84' lang='lat' dir='ltr'>ex</span> <span class='ocrx_word' id='word_1_25' title='bbox 1177 320 1285 369; x_wconf 87' lang='lat' dir='ltr'><strong>plebe</strong></span> <span class='ocrx_word' id='word_1_26' title='bbox 1313 320 1431 357; x_wconf 88' lang='lat' dir='ltr'>creari</span> <span class='ocrx_word' id='word_1_27' title='bbox 1458 330 1617 356; x_wconf 85' lang='lat' dir='ltr'>necesse</span> 
     </span>
     <span class='ocr_line' id='line_1_4' title="bbox 364 384 1617 436; baseline -0.004 -12"><span class='ocrx_word' id='word_1_28' title='bbox 364 387 420 433; x_wconf 86' lang='lat' dir='ltr'>sit,</span> <span class='ocrx_word' id='word_1_29' title='bbox 454 396 657 436; x_wconf 81' lang='lat' dir='ltr'>utrumque</span> <span class='ocrx_word' id='word_1_30' title='bbox 695 399 742 424; x_wconf 85' lang='lat' dir='ltr'>ex</span> <span class='ocrx_word' id='word_1_31' title='bbox 775 387 944 436; x_wconf 87' lang='lat' dir='ltr'>patribus</span> <span class='ocrx_word' id='word_1_32' title='bbox 982 387 1183 436; x_wconf 85' lang='lat' dir='ltr'>praeterire</span> <span class='ocrx_word' id='word_1_33' title='bbox 1218 386 1353 423; x_wconf 87' lang='lat' dir='ltr'>liceat?</span> <span class='ocrx_word' id='word_1_34' title='bbox 1411 384 1617 431; x_wconf 87' lang='lat' dir='ltr'><strong>Quaenam</strong></span> 
     </span>
     <span class='ocr_line' id='line_1_5' title="bbox 364 448 1616 501; baseline -0.002 -13"><span class='ocrx_word' id='word_1_35' title='bbox 364 452 434 490; x_wconf 88' lang='lat' dir='ltr'>ista</span> <span class='ocrx_word' id='word_1_36' title='bbox 476 453 649 497; x_wconf 82' lang='lat' dir='ltr'>societas,</span> <span class='ocrx_word' id='word_1_37' title='bbox 686 463 879 501; x_wconf 88' lang='lat' dir='ltr'>quaenam</span> <span class='ocrx_word' id='word_1_38' title='bbox 918 452 1113 489; x_wconf 81' lang='lat' dir='ltr'>consortio</span> <span class='ocrx_word' id='word_1_39' title='bbox 1152 451 1234 488; x_wconf 90' lang='lat' dir='ltr'>est?</span> <span class='ocrx_word' id='word_1_40' title='bbox 1291 450 1432 487; x_wconf 84' lang='lat' dir='ltr'>Parum</span> <span class='ocrx_word' id='word_1_41' title='bbox 1470 456 1539 496; x_wconf 81' lang='lat' dir='ltr'>est,</span> <span class='ocrx_word' id='word_1_42' title='bbox 1575 448 1616 493; x_wconf 89' lang='lat' dir='ltr'>si,</span> 
     </span>
     <span class='ocr_line' id='line_1_6' title="bbox 366 515 1618 567; baseline -0.002 -12"><span class='ocrx_word' id='word_1_43' title='bbox 366 519 471 555; x_wconf 89' lang='lat' dir='ltr'>cuius</span> <span class='ocrx_word' id='word_1_44' title='bbox 497 530 583 567; x_wconf 87' lang='lat' dir='ltr'>pars</span> <span class='ocrx_word' id='word_1_45' title='bbox 603 525 667 554; x_wconf 88' lang='lat' dir='ltr'>tua</span> <span class='ocrx_word' id='word_1_46' title='bbox 693 517 798 554; x_wconf 91' lang='lat' dir='ltr'>nulla</span> <span class='ocrx_word' id='word_1_47' title='bbox 823 517 948 554; x_wconf 91' lang='lat' dir='ltr'>adhuc</span> <span class='ocrx_word' id='word_1_48' title='bbox 969 517 1047 563; x_wconf 90' lang='lat' dir='ltr'>suit,</span> <span class='ocrx_word' id='word_1_49' title='bbox 1071 518 1110 554; x_wconf 90' lang='lat' dir='ltr'>in</span> <span class='ocrx_word' id='word_1_50' title='bbox 1136 523 1282 566; x_wconf 86' lang='lat' dir='ltr'>partem</span> <span class='ocrx_word' id='word_1_51' title='bbox 1307 517 1389 554; x_wconf 89' lang='lat' dir='ltr'>eius</span> <span class='ocrx_word' id='word_1_52' title='bbox 1409 516 1524 562; x_wconf 85' lang='lat' dir='ltr'>venis,</span> <span class='ocrx_word' id='word_1_53' title='bbox 1547 515 1618 552; x_wconf 86' lang='lat' dir='ltr'>nisi</span> 
     </span>
    </p>

    <p class='ocr_par' dir='ltr' id='par_1_3' title="bbox 314 581 1622 827">
     <span class='ocr_line' id='line_1_7' title="bbox 314 581 1618 633; baseline -0.002 -12"><span class='ocrx_word' id='word_1_54' title='bbox 314 594 352 622; x_wconf 81' lang='lat'>19</span> <span class='ocrx_word' id='word_1_55' title='bbox 367 592 512 633; x_wconf 86' lang='lat' dir='ltr'>partem</span> <span class='ocrx_word' id='word_1_56' title='bbox 542 583 708 632; x_wconf 89' lang='lat' dir='ltr'>petendo</span> <span class='ocrx_word' id='word_1_57' title='bbox 737 590 860 620; x_wconf 92' lang='lat' dir='ltr'>totum</span> <span class='ocrx_word' id='word_1_58' title='bbox 890 583 1072 620; x_wconf 85' lang='lat' dir='ltr'>traxeris?</span> <span class='ocrx_word' id='word_1_59' title='bbox 1131 581 1342 620; x_wconf 84' lang='lat' dir='ltr'>“Timeo”</span> <span class='ocrx_word' id='word_1_60' title='bbox 1363 582 1496 632; x_wconf 89' lang='lat' dir='ltr'>inquit,</span> <span class='ocrx_word' id='word_1_61' title='bbox 1521 583 1618 626; x_wconf 87' lang='lat' dir='ltr'>“ne,</span> 
     </span>
     <span class='ocr_line' id='line_1_8' title="bbox 367 645 1619 697; baseline -0.002 -12"><span class='ocrx_word' id='word_1_62' title='bbox 367 650 397 685; x_wconf 92' lang='lat' dir='ltr'>si</span> <span class='ocrx_word' id='word_1_63' title='bbox 414 649 511 686; x_wconf 90' lang='lat' dir='ltr'>duos</span> <span class='ocrx_word' id='word_1_64' title='bbox 527 648 653 685; x_wconf 88' lang='lat' dir='ltr'>licebit</span> <span class='ocrx_word' id='word_1_65' title='bbox 669 649 787 685; x_wconf 89' lang='lat' dir='ltr'>creari</span> <span class='ocrx_word' id='word_1_66' title='bbox 807 649 996 697; x_wconf 88' lang='lat' dir='ltr'>patricios,</span> <span class='ocrx_word' id='word_1_67' title='bbox 1019 649 1213 686; x_wconf 82' lang='lat' dir='ltr'>neminem</span> <span class='ocrx_word' id='word_1_68' title='bbox 1234 648 1368 686; x_wconf 88' lang='lat' dir='ltr'>creetis</span> <span class='ocrx_word' id='word_1_69' title='bbox 1395 645 1619 697; x_wconf 87' lang='lat' dir='ltr'>plebeium.”</span> 
     </span>
     <span class='ocr_line' id='line_1_9' title="bbox 369 712 1622 762; baseline -0.002 -12"><span class='ocrx_word' id='word_1_70' title='bbox 369 713 474 760; x_wconf 84' lang='lat' dir='ltr'><strong>Quid</strong></span> <span class='ocrx_word' id='word_1_71' title='bbox 503 721 559 750; x_wconf 91' lang='lat' dir='ltr'>est</span> <span class='ocrx_word' id='word_1_72' title='bbox 590 713 715 751; x_wconf 85' lang='lat' dir='ltr'><strong>dicere</strong></span> <span class='ocrx_word' id='word_1_73' title='bbox 744 713 869 750; x_wconf 88' lang='lat' dir='ltr'>aliud:</span> <span class='ocrx_word' id='word_1_74' title='bbox 913 712 1051 759; x_wconf 87' lang='lat' dir='ltr'>“Quia</span> <span class='ocrx_word' id='word_1_75' title='bbox 1071 713 1250 762; x_wconf 84' lang='lat' dir='ltr'>indignos</span> <span class='ocrx_word' id='word_1_76' title='bbox 1279 720 1401 750; x_wconf 87' lang='lat' dir='ltr'>vestra</span> <span class='ocrx_word' id='word_1_77' title='bbox 1429 713 1622 750; x_wconf 83' lang='lat' dir='ltr'>voluntate</span> 
     </span>
     <span class='ocr_line' id='line_1_10' title="bbox 369 778 1621 827; baseline -0.002 -11"><span class='ocrx_word' id='word_1_78' title='bbox 369 779 528 816; x_wconf 84' lang='lat' dir='ltr'>creaturi</span> <span class='ocrx_word' id='word_1_79' title='bbox 557 791 636 817; x_wconf 91' lang='lat' dir='ltr'>non</span> <span class='ocrx_word' id='word_1_80' title='bbox 665 779 765 825; x_wconf 90' lang='lat' dir='ltr'>estis,</span> <span class='ocrx_word' id='word_1_81' title='bbox 789 779 1056 816; x_wconf 88' lang='lat' dir='ltr'>necessitatem</span> <span class='ocrx_word' id='word_1_82' title='bbox 1085 779 1193 816; x_wconf 88' lang='lat' dir='ltr'>vobis</span> <span class='ocrx_word' id='word_1_83' title='bbox 1228 778 1393 824; x_wconf 85' lang='lat' dir='ltr'>creandi,</span> <span class='ocrx_word' id='word_1_84' title='bbox 1416 789 1514 827; x_wconf 90' lang='lat' dir='ltr'>quos</span> <span class='ocrx_word' id='word_1_85' title='bbox 1542 789 1621 814; x_wconf 91' lang='lat' dir='ltr'>non</span> 
     </span>
    </p>

    <p class='ocr_par' dir='ltr' id='par_1_4' title="bbox 315 842 1625 1025">
     <span class='ocr_line' id='line_1_11' title="bbox 315 842 1623 893; baseline -0.001 -13"><span class='ocrx_word' id='word_1_86' title='bbox 315 845 356 875; x_wconf 76' lang='lat'>‘20</span> <span class='ocrx_word' id='word_1_87' title='bbox 370 843 489 890; x_wconf 75' lang='lat' dir='ltr'>vultis,</span> <span class='ocrx_word' id='word_1_88' title='bbox 511 843 768 893; x_wconf 86' lang='lat' dir='ltr'>imponam?”</span> <span class='ocrx_word' id='word_1_89' title='bbox 827 843 932 890; x_wconf 87' lang='lat' dir='ltr'>Quid</span> <span class='ocrx_word' id='word_1_90' title='bbox 959 844 1138 893; x_wconf 87' lang='lat' dir='ltr'>sequitur,</span> <span class='ocrx_word' id='word_1_91' title='bbox 1161 843 1234 880; x_wconf 88' lang='lat' dir='ltr'>nisi</span> <span class='ocrx_word' id='word_1_92' title='bbox 1255 851 1296 880; x_wconf 93' lang='lat' dir='ltr'>ut</span> <span class='ocrx_word' id='word_1_93' title='bbox 1320 856 1367 880; x_wconf 92' lang='lat' dir='ltr'>ne</span> <span class='ocrx_word' id='word_1_94' title='bbox 1395 842 1623 880; x_wconf 87' lang='lat' dir='ltr'>beneficium</span> 
     </span>
     <span class='ocr_line' id='line_1_12' title="bbox 371 909 1625 963; baseline -0.001 -18"><span class='ocrx_word' id='word_1_95' title='bbox 371 909 524 958; x_wconf 89' lang='lat' dir='ltr'>quidem</span> <span class='ocrx_word' id='word_1_96' title='bbox 563 909 699 947; x_wconf 88' lang='lat' dir='ltr'>debeat</span> <span class='ocrx_word' id='word_1_97' title='bbox 737 910 894 959; x_wconf 86' lang='lat' dir='ltr'>populo,</span> <span class='ocrx_word' id='word_1_98' title='bbox 930 909 959 946; x_wconf 92' lang='lat' dir='ltr'>si</span> <span class='ocrx_word' id='word_1_99' title='bbox 999 921 1087 947; x_wconf 89' lang='lat' dir='ltr'>cum</span> <span class='ocrx_word' id='word_1_100' title='bbox 1125 909 1277 947; x_wconf 90' lang='lat' dir='ltr'>duobus</span> <span class='ocrx_word' id='word_1_101' title='bbox 1319 909 1487 958; x_wconf 88' lang='lat' dir='ltr'>patriciis</span> <span class='ocrx_word' id='word_1_102' title='bbox 1524 919 1625 963; x_wconf 86' lang='lat' dir='ltr'>unus</span> 
     </span>
     <span class='ocr_line' id='line_1_13' title="bbox 370 974 1598 1025; baseline -0.001 -14"><span class='ocrx_word' id='word_1_103' title='bbox 370 975 516 1023; x_wconf 80' lang='lat' dir='ltr'>petierit</span> <span class='ocrx_word' id='word_1_104' title='bbox 535 975 717 1024; x_wconf 90' lang='lat' dir='ltr'>plebeius,</span> <span class='ocrx_word' id='word_1_105' title='bbox 740 982 777 1013; x_wconf 92' lang='lat' dir='ltr'>et</span> <span class='ocrx_word' id='word_1_106' title='bbox 796 975 879 1025; x_wconf 86' lang='lat' dir='ltr'>lege</span> <span class='ocrx_word' id='word_1_107' title='bbox 901 988 952 1022; x_wconf 87' lang='lat' dir='ltr'>se,</span> <span class='ocrx_word' id='word_1_108' title='bbox 975 987 1054 1013; x_wconf 90' lang='lat' dir='ltr'>non</span> <span class='ocrx_word' id='word_1_109' title='bbox 1075 975 1258 1024; x_wconf 81' lang='lat' dir='ltr'>suffragio</span> <span class='ocrx_word' id='word_1_110' title='bbox 1279 982 1450 1012; x_wconf 87' lang='lat' dir='ltr'>creatum</span> <span class='ocrx_word' id='word_1_111' title='bbox 1470 974 1598 1011; x_wconf 88' lang='lat' dir='ltr'>dicat?</span> 
     </span>
    </p>
   </div>
   <div class='ocr_carea' id='block_1_3' title="bbox 208 1091 1628 1189">
    <p class='ocr_par' dir='ltr' id='par_1_5' title="bbox 208 1091 1628 1189">
     <span class='ocr_line' id='line_1_14' title="bbox 208 1091 1628 1138; baseline -0.001 -13"><span class='ocrx_word' id='word_1_112' title='bbox 208 1093 278 1125; x_wconf 89' lang='lat' dir='ltr'>Ch.</span> <span class='ocrx_word' id='word_1_113' title='bbox 299 1091 359 1125; x_wconf 83' lang='lat'>41.</span> <span class='ocrx_word' id='word_1_114' title='bbox 373 1098 380 1111; x_wconf 48' lang='grc' dir='ltr'><strong>ί</strong></span> <span class='ocrx_word' id='word_1_115' title='bbox 401 1096 431 1125; x_wconf 85' lang='lat' dir='ltr'><em>T</em></span> <span class='ocrx_word' id='word_1_116' title='bbox 427 1095 486 1134; x_wconf 75' lang='lat' dir='ltr'>lzcy</span> <span class='ocrx_word' id='word_1_117' title='bbox 509 1096 621 1126; x_wconf 73' lang='lat' dir='ltr'>would</span> <span class='ocrx_word' id='word_1_118' title='bbox 640 1096 730 1127; x_wconf 74' lang='lat' dir='ltr'>lt&#39;mit</span> <span class='ocrx_word' id='word_1_119' title='bbox 752 1097 804 1128; x_wconf 75' lang='lat' dir='ltr'>the</span> <span class='ocrx_word' id='word_1_120' title='bbox 820 1102 934 1138; x_wconf 68' lang='lat' dir='ltr'>power</span> <span class='ocrx_word' id='word_1_121' title='bbox 955 1096 996 1138; x_wconf 75' lang='lat' dir='ltr'>qs</span> <span class='ocrx_word' id='word_1_122' title='bbox 1011 1096 1063 1127; x_wconf 70' lang='lat' dir='ltr'>llic</span> <span class='ocrx_word' id='word_1_123' title='bbox 1081 1096 1201 1137; x_wconf 50' lang='lat' dir='ltr'>pamla,</span> <span class='ocrx_word' id='word_1_124' title='bbox 1224 1096 1297 1126; x_wconf 81' lang='lat' dir='ltr'>and</span> <span class='ocrx_word' id='word_1_125' title='bbox 1315 1095 1368 1126; x_wconf 79' lang='lat' dir='ltr'>the</span> <span class='ocrx_word' id='word_1_126' title='bbox 1392 1095 1498 1137; x_wconf 55' lang='lat' dir='ltr'>rights</span> <span class='ocrx_word' id='word_1_127' title='bbox 1519 1094 1560 1136; x_wconf 89' lang='lat' dir='ltr'>of</span> <span class='ocrx_word' id='word_1_128' title='bbox 1575 1093 1628 1125; x_wconf 83' lang='lat' dir='ltr'>the</span> 
     </span>
     <span class='ocr_line' id='line_1_15' title="bbox 428 1145 1567 1189; baseline 0.001 -13"><span class='ocrx_word' id='word_1_129' title='bbox 428 1147 625 1188; x_wconf 61' lang='grc' dir='ltr'>ῥαίνίῑιάης,</span> <span class='ocrx_word' id='word_1_130' title='bbox 641 1148 712 1178; x_wconf 86' lang='lat' dir='ltr'>and</span> <span class='ocrx_word' id='word_1_131' title='bbox 725 1148 820 1179; x_wconf 80' lang='lat' dir='ltr'>break</span> <span class='ocrx_word' id='word_1_132' title='bbox 837 1148 919 1178; x_wconf 72' lang='lat' dir='ltr'>witlz</span> <span class='ocrx_word' id='word_1_133' title='bbox 935 1149 988 1179; x_wconf 75' lang='lat' dir='ltr'>tlte</span> <span class='ocrx_word' id='word_1_134' title='bbox 1004 1149 1159 1188; x_wconf 73' lang='lat' dir='ltr'>religimaes</span> <span class='ocrx_word' id='word_1_135' title='bbox 1174 1147 1351 1178; x_wconf 79' lang='lat' dir='ltr'>tradz&#39;tions</span> <span class='ocrx_word' id='word_1_136' title='bbox 1367 1147 1406 1189; x_wconf 72' lang='lat' dir='ltr'>qf</span> <span class='ocrx_word' id='word_1_137' title='bbox 1416 1147 1468 1178; x_wconf 80' lang='lat' dir='ltr'>the</span> <span class='ocrx_word' id='word_1_138' title='bbox 1483 1145 1567 1187; x_wconf 54' lang='lat' dir='ltr'>city?</span> 
     </span>
    </p>
   </div>
   <div class='ocr_carea' id='block_1_4' title="bbox 342 1233 1631 2330">
    <p class='ocr_par' dir='ltr' id='par_1_6' title="bbox 342 1233 1629 1414">
     <span class='ocr_line' id='line_1_16' title="bbox 342 1233 1627 1284; baseline 0.002 -16"><span class='ocrx_word' id='word_1_139' title='bbox 342 1240 358 1268; x_wconf 86' lang='lat'>1</span> <span class='ocrx_word' id='word_1_140' title='bbox 432 1236 438 1250; x_wconf 89' lang='lat'><em>‘</em></span> <span class='ocrx_word' id='word_1_141' title='bbox 456 1233 668 1279; x_wconf 86' lang='lat' dir='ltr'>Quomodo</span> <span class='ocrx_word' id='word_1_142' title='bbox 690 1242 954 1284; x_wconf 84' lang='lat' dir='ltr'>extorqueant,</span> <span class='ocrx_word' id='word_1_143' title='bbox 978 1247 1056 1272; x_wconf 90' lang='lat' dir='ltr'>non</span> <span class='ocrx_word' id='word_1_144' title='bbox 1077 1235 1278 1284; x_wconf 89' lang='lat' dir='ltr'>quomodo</span> <span class='ocrx_word' id='word_1_145' title='bbox 1298 1241 1428 1284; x_wconf 92' lang='lat' dir='ltr'>petant</span> <span class='ocrx_word' id='word_1_146' title='bbox 1448 1233 1627 1280; x_wconf 86' lang='lat' dir='ltr'>honores,</span> 
     </span>
     <span class='ocr_line' id='line_1_17' title="bbox 375 1299 1628 1349; baseline 0.001 -14"><span class='ocrx_word' id='word_1_147' title='bbox 375 1306 585 1348; x_wconf 81' lang='lat' dir='ltr'>quaerunt3</span> <span class='ocrx_word' id='word_1_148' title='bbox 616 1306 652 1336; x_wconf 89' lang='lat' dir='ltr'>et</span> <span class='ocrx_word' id='word_1_149' title='bbox 681 1299 731 1336; x_wconf 89' lang='lat' dir='ltr'>ita</span> <span class='ocrx_word' id='word_1_150' title='bbox 762 1300 931 1337; x_wconf 82' lang='lat' dir='ltr'>maxima</span> <span class='ocrx_word' id='word_1_151' title='bbox 962 1307 1048 1337; x_wconf 89' lang='lat' dir='ltr'>sunt</span> <span class='ocrx_word' id='word_1_152' title='bbox 1077 1300 1260 1349; x_wconf 86' lang='lat' dir='ltr'>adepturi,</span> <span class='ocrx_word' id='word_1_153' title='bbox 1290 1307 1331 1336; x_wconf 93' lang='lat' dir='ltr'>ut</span> <span class='ocrx_word' id='word_1_154' title='bbox 1358 1299 1448 1336; x_wconf 88' lang='lat' dir='ltr'>nihil</span> <span class='ocrx_word' id='word_1_155' title='bbox 1479 1311 1527 1337; x_wconf 92' lang='lat' dir='ltr'>ne</span> <span class='ocrx_word' id='word_1_156' title='bbox 1558 1311 1628 1349; x_wconf 87' lang='lat' dir='ltr'>pro</span> 
     </span>
     <span class='ocr_line' id='line_1_18' title="bbox 374 1363 1629 1414; baseline 0.001 -14"><span class='ocrx_word' id='word_1_157' title='bbox 374 1363 543 1400; x_wconf 90' lang='lat' dir='ltr'>minimis</span> <span class='ocrx_word' id='word_1_158' title='bbox 577 1364 733 1413; x_wconf 89' lang='lat' dir='ltr'>quidem</span> <span class='ocrx_word' id='word_1_159' title='bbox 765 1365 952 1411; x_wconf 89' lang='lat' dir='ltr'>debeant;</span> <span class='ocrx_word' id='word_1_160' title='bbox 989 1372 1025 1402; x_wconf 90' lang='lat' dir='ltr'>et</span> <span class='ocrx_word' id='word_1_161' title='bbox 1056 1365 1322 1403; x_wconf 87' lang='lat' dir='ltr'>occasionibus</span> <span class='ocrx_word' id='word_1_162' title='bbox 1353 1365 1480 1414; x_wconf 88' lang='lat' dir='ltr'>potius</span> <span class='ocrx_word' id='word_1_163' title='bbox 1511 1376 1629 1414; x_wconf 86' lang='lat' dir='ltr'>quam</span> 
     </span>
    </p>

    <p class='ocr_par' dir='ltr' id='par_1_7' title="bbox 342 1428 1630 1675">
     <span class='ocr_line' id='line_1_19' title="bbox 342 1428 1628 1479; baseline 0.002 -16"><span class='ocrx_word' id='word_1_164' title='bbox 342 1433 360 1462; x_wconf 81' lang='lat'>2</span> <span class='ocrx_word' id='word_1_165' title='bbox 374 1430 507 1466; x_wconf 81' lang='lat' dir='ltr'>virtute</span> <span class='ocrx_word' id='word_1_166' title='bbox 528 1436 654 1478; x_wconf 90' lang='lat' dir='ltr'>petere</span> <span class='ocrx_word' id='word_1_167' title='bbox 674 1428 840 1467; x_wconf 87' lang='lat' dir='ltr'>honores</span> <span class='ocrx_word' id='word_1_168' title='bbox 861 1430 1016 1466; x_wconf 91' lang='lat' dir='ltr'>malunt.</span> <span class='ocrx_word' id='word_1_169' title='bbox 1074 1429 1141 1466; x_wconf 89' lang='lat' dir='ltr'>Est</span> <span class='ocrx_word' id='word_1_170' title='bbox 1168 1429 1312 1479; x_wconf 83' lang='lat' dir='ltr'>aliquis,</span> <span class='ocrx_word' id='word_1_171' title='bbox 1335 1430 1400 1479; x_wconf 88' lang='lat' dir='ltr'>qui</span> <span class='ocrx_word' id='word_1_172' title='bbox 1421 1442 1460 1466; x_wconf 93' lang='lat' dir='ltr'>se</span> <span class='ocrx_word' id='word_1_173' title='bbox 1481 1429 1628 1479; x_wconf 84' lang='lat' dir='ltr'>inspici,</span> 
     </span>
     <span class='ocr_line' id='line_1_20' title="bbox 375 1493 1629 1544; baseline 0 -13"><span class='ocrx_word' id='word_1_174' title='bbox 375 1494 565 1531; x_wconf 87' lang='lat' dir='ltr'>aestimari</span> <span class='ocrx_word' id='word_1_175' title='bbox 585 1493 760 1540; x_wconf 83' lang='lat' dir='ltr'>fastidiat,</span> <span class='ocrx_word' id='word_1_176' title='bbox 781 1495 846 1544; x_wconf 90' lang='lat' dir='ltr'>qui</span> <span class='ocrx_word' id='word_1_177' title='bbox 877 1502 1001 1533; x_wconf 89' lang='lat' dir='ltr'>certos</span> <span class='ocrx_word' id='word_1_178' title='bbox 1026 1495 1094 1531; x_wconf 82' lang='lat' dir='ltr'>sibi</span> <span class='ocrx_word' id='word_1_179' title='bbox 1117 1495 1182 1532; x_wconf 91' lang='lat' dir='ltr'>uni</span> <span class='ocrx_word' id='word_1_180' title='bbox 1206 1494 1371 1533; x_wconf 87' lang='lat' dir='ltr'>honores</span> <span class='ocrx_word' id='word_1_181' title='bbox 1401 1496 1498 1532; x_wconf 80' lang='lat' dir='ltr'>inter</span> <span class='ocrx_word' id='word_1_182' title='bbox 1518 1495 1629 1532; x_wconf 92' lang='lat' dir='ltr'>dimi-</span> 
     </span>
     <span class='ocr_line' id='line_1_21' title="bbox 375 1559 1630 1610; baseline -0.001 -13"><span class='ocrx_word' id='word_1_183' title='bbox 375 1566 506 1598; x_wconf 88' lang='lat' dir='ltr'>cantes</span> <span class='ocrx_word' id='word_1_184' title='bbox 530 1560 799 1609; x_wconf 88' lang='lat' dir='ltr'>competitores</span> <span class='ocrx_word' id='word_1_185' title='bbox 828 1572 993 1609; x_wconf 88' lang='lat' dir='ltr'>aequum</span> <span class='ocrx_word' id='word_1_186' title='bbox 1021 1567 1175 1597; x_wconf 89' lang='lat' dir='ltr'>censeat</span> <span class='ocrx_word' id='word_1_187' title='bbox 1201 1571 1297 1606; x_wconf 90' lang='lat' dir='ltr'>esse,</span> <span class='ocrx_word' id='word_1_188' title='bbox 1320 1561 1384 1610; x_wconf 91' lang='lat' dir='ltr'>qui</span> <span class='ocrx_word' id='word_1_189' title='bbox 1412 1572 1452 1597; x_wconf 91' lang='lat' dir='ltr'>se</span> <span class='ocrx_word' id='word_1_190' title='bbox 1473 1559 1630 1596; x_wconf 88' lang='lat' dir='ltr'>arbitrio</span> 
     </span>
     <span class='ocr_line' id='line_1_22' title="bbox 376 1624 1630 1675; baseline 0 -14"><span class='ocrx_word' id='word_1_191' title='bbox 376 1632 500 1662; x_wconf 89' lang='lat' dir='ltr'>vestro</span> <span class='ocrx_word' id='word_1_192' title='bbox 529 1625 683 1670; x_wconf 82' lang='lat' dir='ltr'>eximat,</span> <span class='ocrx_word' id='word_1_193' title='bbox 708 1626 773 1675; x_wconf 91' lang='lat' dir='ltr'>qui</span> <span class='ocrx_word' id='word_1_194' title='bbox 797 1633 919 1663; x_wconf 89' lang='lat' dir='ltr'>vestra</span> <span class='ocrx_word' id='word_1_195' title='bbox 947 1625 1161 1663; x_wconf 85' lang='lat' dir='ltr'>necessaria</span> <span class='ocrx_word' id='word_1_196' title='bbox 1191 1625 1374 1674; x_wconf 83' lang='lat' dir='ltr'>suffragia</span> <span class='ocrx_word' id='word_1_197' title='bbox 1402 1637 1472 1674; x_wconf 92' lang='lat' dir='ltr'>pro</span> <span class='ocrx_word' id='word_1_198' title='bbox 1496 1624 1630 1662; x_wconf 89' lang='lat' dir='ltr'>volun-</span> 
     </span>
    </p>

    <p class='ocr_par' dir='ltr' id='par_1_8' title="bbox 343 1688 1631 2132">
     <span class='ocr_line' id='line_1_23' title="bbox 343 1688 1630 1739; baseline -0.002 -11"><span class='ocrx_word' id='word_1_199' title='bbox 343 1690 476 1728; x_wconf 89' lang='lat' dir='ltr'>3tariis</span> <span class='ocrx_word' id='word_1_200' title='bbox 506 1696 542 1727; x_wconf 91' lang='lat' dir='ltr'>et</span> <span class='ocrx_word' id='word_1_201' title='bbox 572 1702 678 1727; x_wconf 86' lang='lat' dir='ltr'>serva</span> <span class='ocrx_word' id='word_1_202' title='bbox 705 1702 777 1739; x_wconf 90' lang='lat' dir='ltr'>pro</span> <span class='ocrx_word' id='word_1_203' title='bbox 804 1690 932 1728; x_wconf 87' lang='lat' dir='ltr'>liberis</span> <span class='ocrx_word' id='word_1_204' title='bbox 955 1689 1080 1727; x_wconf 90' lang='lat' dir='ltr'>faciat.</span> <span class='ocrx_word' id='word_1_205' title='bbox 1139 1688 1287 1727; x_wconf 89' lang='lat' dir='ltr'>Omitto</span> <span class='ocrx_word' id='word_1_206' title='bbox 1318 1689 1511 1727; x_wconf 84' lang='lat' dir='ltr'>Licinium</span> <span class='ocrx_word' id='word_1_207' title='bbox 1537 1689 1630 1727; x_wconf 86' lang='lat' dir='ltr'>Sex-</span> 
     </span>
     <span class='ocr_line' id='line_1_24' title="bbox 376 1755 1630 1804; baseline 0 -13"><span class='ocrx_word' id='word_1_208' title='bbox 376 1756 557 1804; x_wconf 91' lang='lat' dir='ltr'>tiumque,</span> <span class='ocrx_word' id='word_1_209' title='bbox 587 1767 753 1804; x_wconf 87' lang='lat' dir='ltr'>quorum</span> <span class='ocrx_word' id='word_1_210' title='bbox 787 1768 912 1793; x_wconf 88' lang='lat' dir='ltr'>annos</span> <span class='ocrx_word' id='word_1_211' title='bbox 943 1755 982 1792; x_wconf 89' lang='lat' dir='ltr'>in</span> <span class='ocrx_word' id='word_1_212' title='bbox 1009 1761 1193 1804; x_wconf 88' lang='lat' dir='ltr'>perpetua</span> <span class='ocrx_word' id='word_1_213' title='bbox 1225 1761 1413 1804; x_wconf 89' lang='lat' dir='ltr'>potestate</span> <span class='ocrx_word' id='word_1_214' title='bbox 1447 1761 1630 1804; x_wconf 88' lang='lat' dir='ltr'>tanquam</span> 
     </span>
     <span class='ocr_line' id='line_1_25' title="bbox 376 1819 1631 1870; baseline 0.001 -13"><span class='ocrx_word' id='word_1_215' title='bbox 376 1832 510 1869; x_wconf 86' lang='lat' dir='ltr'>regum</span> <span class='ocrx_word' id='word_1_216' title='bbox 538 1820 576 1856; x_wconf 90' lang='lat' dir='ltr'>in</span> <span class='ocrx_word' id='word_1_217' title='bbox 598 1819 791 1870; x_wconf 90' lang='lat' dir='ltr'>Capitolio</span> <span class='ocrx_word' id='word_1_218' title='bbox 818 1821 1027 1858; x_wconf 87' lang='lat' dir='ltr'>numeratis</span> <span class='ocrx_word' id='word_1_219' title='bbox 1041 1833 1051 1867; x_wconf 76' lang='lat'><em>3</em></span> <span class='ocrx_word' id='word_1_220' title='bbox 1083 1820 1167 1870; x_wconf 90' lang='lat' dir='ltr'>quis</span> <span class='ocrx_word' id='word_1_221' title='bbox 1196 1826 1252 1857; x_wconf 90' lang='lat' dir='ltr'>est</span> <span class='ocrx_word' id='word_1_222' title='bbox 1278 1819 1391 1857; x_wconf 91' lang='lat' dir='ltr'>hodie</span> <span class='ocrx_word' id='word_1_223' title='bbox 1418 1820 1459 1857; x_wconf 88' lang='lat' dir='ltr'>in</span> <span class='ocrx_word' id='word_1_224' title='bbox 1482 1821 1631 1858; x_wconf 87' lang='lat' dir='ltr'>civitate</span> 
     </span>
     <span class='ocr_line' id='line_1_26' title="bbox 376 1884 1630 1935; baseline 0 -12"><span class='ocrx_word' id='word_1_225' title='bbox 376 1894 455 1923; x_wconf 91' lang='lat' dir='ltr'>tam</span> <span class='ocrx_word' id='word_1_226' title='bbox 475 1885 640 1931; x_wconf 87' lang='lat' dir='ltr'>humilis,</span> <span class='ocrx_word' id='word_1_227' title='bbox 662 1886 722 1923; x_wconf 90' lang='lat' dir='ltr'>cui</span> <span class='ocrx_word' id='word_1_228' title='bbox 743 1898 823 1923; x_wconf 92' lang='lat' dir='ltr'>non</span> <span class='ocrx_word' id='word_1_229' title='bbox 844 1887 903 1923; x_wconf 89' lang='lat' dir='ltr'>via</span> <span class='ocrx_word' id='word_1_230' title='bbox 924 1885 974 1924; x_wconf 91' lang='lat' dir='ltr'>ad</span> <span class='ocrx_word' id='word_1_231' title='bbox 994 1884 1235 1924; x_wconf 85' lang='lat' dir='ltr'>consulatum</span> <span class='ocrx_word' id='word_1_232' title='bbox 1262 1884 1408 1922; x_wconf 88' lang='lat' dir='ltr'>facilior</span> <span class='ocrx_word' id='word_1_233' title='bbox 1435 1897 1503 1935; x_wconf 90' lang='lat' dir='ltr'>per</span> <span class='ocrx_word' id='word_1_234' title='bbox 1521 1886 1630 1923; x_wconf 88' lang='lat' dir='ltr'>istius</span> 
     </span>
     <span class='ocr_line' id='line_1_27' title="bbox 377 1950 1630 2000; baseline 0 -11"><span class='ocrx_word' id='word_1_235' title='bbox 377 1951 470 1999; x_wconf 87' lang='lat' dir='ltr'>legis</span> <span class='ocrx_word' id='word_1_236' title='bbox 502 1951 751 1989; x_wconf 88' lang='lat' dir='ltr'>occasionem</span> <span class='ocrx_word' id='word_1_237' title='bbox 785 1963 903 2000; x_wconf 91' lang='lat' dir='ltr'>quam</span> <span class='ocrx_word' id='word_1_238' title='bbox 938 1951 1049 1988; x_wconf 89' lang='lat' dir='ltr'>nobis</span> <span class='ocrx_word' id='word_1_239' title='bbox 1083 1963 1127 1988; x_wconf 89' lang='lat' dir='ltr'>ac</span> <span class='ocrx_word' id='word_1_240' title='bbox 1157 1950 1283 1987; x_wconf 89' lang='lat' dir='ltr'>liberis</span> <span class='ocrx_word' id='word_1_241' title='bbox 1313 1951 1451 1988; x_wconf 87' lang='lat' dir='ltr'>nostris</span> <span class='ocrx_word' id='word_1_242' title='bbox 1477 1951 1570 1989; x_wconf 87' lang='lat' dir='ltr'>fiat?</span> <span class='ocrx_word' id='word_1_243' title='bbox 1599 1951 1630 1989; x_wconf 89' lang='lat' dir='ltr'>si</span> 
     </span>
     <span class='ocr_line' id='line_1_28' title="bbox 377 2015 1630 2066; baseline 0.001 -13"><span class='ocrx_word' id='word_1_244' title='bbox 377 2015 532 2065; x_wconf 89' lang='lat' dir='ltr'>quidem</span> <span class='ocrx_word' id='word_1_245' title='bbox 560 2028 631 2054; x_wconf 91' lang='lat' dir='ltr'>nos</span> <span class='ocrx_word' id='word_1_246' title='bbox 660 2029 708 2054; x_wconf 91' lang='lat' dir='ltr'>ne</span> <span class='ocrx_word' id='word_1_247' title='bbox 736 2028 858 2066; x_wconf 89' lang='lat' dir='ltr'>quum</span> <span class='ocrx_word' id='word_1_248' title='bbox 887 2016 1074 2055; x_wconf 83' lang='lat' dir='ltr'>volueritis</span> <span class='ocrx_word' id='word_1_249' title='bbox 1103 2016 1256 2066; x_wconf 89' lang='lat' dir='ltr'>quidem</span> <span class='ocrx_word' id='word_1_250' title='bbox 1285 2028 1411 2053; x_wconf 90' lang='lat' dir='ltr'>creare</span> <span class='ocrx_word' id='word_1_251' title='bbox 1439 2016 1630 2054; x_wconf 91' lang='lat' dir='ltr'>interdum</span> 
     </span>
     <span class='ocr_line' id='line_1_29' title="bbox 377 2080 1629 2132; baseline 0.001 -13"><span class='ocrx_word' id='word_1_252' title='bbox 377 2081 556 2131; x_wconf 88' lang='lat' dir='ltr'>poteritis,</span> <span class='ocrx_word' id='word_1_253' title='bbox 578 2082 681 2128; x_wconf 88' lang='lat' dir='ltr'>istos,</span> <span class='ocrx_word' id='word_1_254' title='bbox 703 2082 851 2120; x_wconf 89' lang='lat' dir='ltr'>etiamsi</span> <span class='ocrx_word' id='word_1_255' title='bbox 871 2082 1076 2127; x_wconf 86' lang='lat' dir='ltr'>nolueritis,</span> <span class='ocrx_word' id='word_1_256' title='bbox 1097 2093 1253 2119; x_wconf 91' lang='lat' dir='ltr'>necesse</span> <span class='ocrx_word' id='word_1_257' title='bbox 1273 2081 1329 2119; x_wconf 90' lang='lat' dir='ltr'>sit.</span> <span class='ocrx_word' id='word_1_258' title='bbox 1384 2080 1444 2119; x_wconf 91' lang='lat' dir='ltr'>De</span> <span class='ocrx_word' id='word_1_259' title='bbox 1463 2082 1629 2132; x_wconf 89' lang='lat' dir='ltr'>indigni-</span> 
     </span>
    </p>

    <p class='ocr_par' dir='ltr' id='par_1_9' title="bbox 347 2147 1629 2330">
     <span class='ocr_line' id='line_1_30' title="bbox 347 2147 1629 2197; baseline 0.002 -14"><span class='ocrx_word' id='word_1_260' title='bbox 347 2153 452 2188; x_wconf 84' lang='lat' dir='ltr'>4tate</span> <span class='ocrx_word' id='word_1_261' title='bbox 473 2147 562 2184; x_wconf 89' lang='lat' dir='ltr'>satis</span> <span class='ocrx_word' id='word_1_262' title='bbox 582 2147 727 2184; x_wconf 92' lang='lat' dir='ltr'>dictum</span> <span class='ocrx_word' id='word_1_263' title='bbox 754 2154 821 2185; x_wconf 90' lang='lat' dir='ltr'>est.</span> <span class='ocrx_word' id='word_1_264' title='bbox 878 2147 929 2184; x_wconf 79' lang='lat' dir='ltr'>At</span> <span class='ocrx_word' id='word_1_265' title='bbox 955 2147 1060 2184; x_wconf 91' lang='lat' dir='ltr'>enim</span> <span class='ocrx_word' id='word_1_266' title='bbox 1085 2147 1251 2196; x_wconf 83' lang='lat' dir='ltr'>dignitas</span> <span class='ocrx_word' id='word_1_267' title='bbox 1275 2147 1323 2184; x_wconf 93' lang='lat' dir='ltr'>ad</span> <span class='ocrx_word' id='word_1_268' title='bbox 1349 2147 1525 2194; x_wconf 87' lang='lat' dir='ltr'>homines</span> <span class='ocrx_word' id='word_1_269' title='bbox 1544 2160 1629 2197; x_wconf 88' lang='lat' dir='ltr'>per-</span> 
     </span>
     <span class='ocr_line' id='line_1_31' title="bbox 379 2200 1629 2263; baseline 0.002 -15"><span class='ocrx_word' id='word_1_270' title='bbox 379 2213 494 2258; x_wconf 85' lang='lat' dir='ltr'>tinet;</span> <span class='ocrx_word' id='word_1_271' title='bbox 525 2212 617 2261; x_wconf 90' lang='lat' dir='ltr'>quid</span> <span class='ocrx_word' id='word_1_272' title='bbox 641 2212 690 2250; x_wconf 91' lang='lat' dir='ltr'>de</span> <span class='ocrx_word' id='word_1_273' title='bbox 722 2213 972 2262; x_wconf 87' lang='lat' dir='ltr'>religionibus</span> <span class='ocrx_word' id='word_1_274' title='bbox 995 2220 1109 2262; x_wconf 91' lang='lat' dir='ltr'>atque</span> <span class='ocrx_word' id='word_1_275' title='bbox 1137 2213 1326 2262; x_wconf 89' lang='lat' dir='ltr'>auspiciis,</span> <span class='ocrx_word' id='word_1_276' title='bbox 1350 2225 1461 2263; x_wconf 91' lang='lat' dir='ltr'>quae</span> <span class='ocrx_word' id='word_1_277' title='bbox 1477 2200 1629 2263; x_wconf 86' lang='lat' dir='ltr'>propria</span> 
     </span>
     <span class='ocr_line' id='line_1_32' title="bbox 379 2277 1628 2330; baseline 0.002 -15"><span class='ocrx_word' id='word_1_278' title='bbox 379 2277 538 2315; x_wconf 89' lang='lat' dir='ltr'>deorum</span> <span class='ocrx_word' id='word_1_279' title='bbox 556 2278 828 2317; x_wconf 91' lang='lat' dir='ltr'>immortalium</span> <span class='ocrx_word' id='word_1_280' title='bbox 844 2279 1081 2329; x_wconf 89' lang='lat' dir='ltr'>contemptio</span> <span class='ocrx_word' id='word_1_281' title='bbox 1096 2285 1211 2330; x_wconf 91' lang='lat' dir='ltr'>atque</span> <span class='ocrx_word' id='word_1_282' title='bbox 1231 2279 1367 2317; x_wconf 88' lang='lat' dir='ltr'>iniuria</span> <span class='ocrx_word' id='word_1_283' title='bbox 1385 2286 1451 2326; x_wconf 89' lang='lat' dir='ltr'>est,</span> <span class='ocrx_word' id='word_1_284' title='bbox 1467 2278 1628 2330; x_wconf 87' lang='lat' dir='ltr'>loquar?</span> 
     </span>
    </p>
   </div>
   <div class='ocr_carea' id='block_1_5' title="bbox 0 0 75 2521">
    <p class='ocr_par' dir='ltr' id='par_1_10' title="bbox 0 0 75 2521">
     <span class='ocr_line' id='line_1_33' title="bbox 0 0 75 2521; baseline 0 0"><span class='ocrx_word' id='word_1_285' title='bbox 0 0 75 2521; x_wconf 95' lang='lat' dir='ltr'> </span> 
     </span>
    </p>
   </div>
  </div>
 </body>
</html>
