1736 2521
350 123 431 166 174
711 121 842 164 LJVY,
874 122 1011 154 BOOK
1034 123 1112 154 νη.
1137 122 1175 166 5,
1197 115 1236 155 6.

145 242 228 270 B.c.
245 243 334 270 362.
348 239 485 265 causae
506 227 620 265 dictio
640 234 707 273 cst,
730 227 796 264 sed
828 227 898 277 ipsi
920 228 1032 265 etiam
1055 228 1290 266 adolescenti
1311 241 1354 266 ea
1374 240 1434 266 res
1461 228 1600 266 honori

315 296 333 326 9
347 292 427 338 fuit,
443 299 479 330 et
500 305 618 342 quum
639 305 686 330 eo
707 305 810 330 anno
829 293 994 341 primum
1015 293 1229 342 placuisset,
1246 293 1418 331 tribunos
1439 294 1599 331 militurn

347 357 395 394 ad
424 357 596 406 legiones
626 357 809 406 suffragio
840 357 919 395 fieri
952 360 1059 404 (nam
1092 355 1163 410 [et]
1195 365 1321 403 antea,
1353 359 1450 396 sicut
1482 371 1598 403 nunc,

347 435 442 473 quos
460 422 624 459 Rufulos
641 429 789 467 vocant,
805 422 1052 472 imperatores
1070 423 1140 472 ipsi
1157 421 1374 472 faciebant),
1388 424 1599 461 secundum

345 488 383 525 in
406 501 470 525 sex
491 488 584 525 locis
600 489 731 533 tenuit,
746 488 858 525 nullis
876 488 980 525 domi
1001 489 1231 537 militiaeque
1247 488 1296 526 ad
1317 489 1599 526 conciliandam

345 553 505 602 gratiam
539 553 693 598 meritis,
721 559 762 590 ut
795 554 861 602 qui
895 565 980 592 rure
1015 561 1051 591 et
1086 553 1219 602 procul
1249 560 1363 592 coetu
1397 553 1600 592 hominum

346 618 537 654 iuventam
557 618 706 666 egisset.

204 755 275 787 Ch.
295 755 332 788 6.
349 761 364 796 5
386 767 413 790 1.
437 759 468 789 A
485 763 559 789 vast
569 758 696 801 fissura·
711 763 847 799 appears
869 759 905 789 in
922 759 974 790 the
991 759 1128 798 Forum,
1144 759 1215 790 and
1227 759 1279 790 tlte
1295 758 1448 799 prophe-ts
1461 757 1604 789 demand

431 821 452 840 a
467 809 631 851 sacrifice:
654 810 706 840 M.
727 810 867 840 Curtius
889 810 1010 841 dcvotcs
1031 811 1183 852 himself:
1206 811 1300 841 hence
1315 810 1366 840 llic
1388 820 1482 840 name
1497 809 1537 850 qf
1548 809 1601 840 tlte

435 861 579 892 Curtiau
607 861 677 892 lake
705 860 830 901 (unless
852 861 924 891 that
947 861 980 892 ln:
1003 861 1138 892 derived
1151 862 1245 903 from
1273 861 1412 893 Curtius
1435 861 1599 900 Asellius).

435 915 450 950 ξ
471 920 498 953 7.
527 912 576 943 On
604 913 656 943 the
679 913 870 943 Hmn'cans
894 912 1041 953 nfitsz'ng
1069 913 1283 954 salissizctz‘on,
1308 923 1381 943 war
1407 913 1435 942 is
1457 912 1605 943 declar-cd

430 964 563 1005 against
578 964 673 994 them.
723 964 897 1001 Genucius,
914 964 966 994 tlte
982 964 1130 1004 j'lcbcian
1151 965 1280 1002 Consul,
1299 965 1328 994 is
1343 963 1522 1004 cnlrappcd
1533 963 1604 993 and

432 1016 540 1047 killed.
594 1015 659 1046 The
675 1015 863 1056 j‘atm'cz'ans
885 1026 940 1055 cry
961 1020 1017 1046 out
1038 1017 1170 1056 against
1186 1016 1335 1056 plclm'atz
1357 1015 1508 1055 auspices,
1533 1015 1604 1045 and

432 1069 463 1098 A
460 1068 563 1109 ppc'us
583 1067 744 1098 Claudius
760 1066 788 1096 is
803 1067 924 1097 named
936 1067 1100 1105 Dictator,
1116 1067 1186 1097 and
1198 1067 1288 1098 holds
1302 1077 1323 1097 a
1339 1067 1419 1106 lcvy.

315 1144 331 1173 1
401 1140 553 1178 Eodem
580 1151 706 1196 anno,
727 1151 794 1198 {eu
825 1146 933 1176 motu
958 1145 1079 1176 terrae
1109 1151 1175 1176 seu
1202 1151 1278 1188 qua
1304 1139 1339 1175 vi
1367 1139 1449 1185 alia,
1472 1137 1598 1176 forum

347 1207 515 1245 medium
541 1205 658 1242 ferme
683 1191 799 1254 specu
826 1211 932 1242 vasto
959 1204 1172 1254 collapsum
1201 1205 1239 1242 in
1265 1205 1493 1241 immensam
1519 1203 1600 1241 alti-

315 1273 515 1310 2tudinem
541 1271 701 1317 dicitur;
742 1282 866 1320 neque
893 1283 978 1308 eam
1008 1271 1230 1319 voraginem
1261 1270 1437 1308 coniectu
1466 1276 1598 1315 terrae,

348 1350 468 1388 quum
488 1349 559 1386 pro
581 1349 619 1374 se
640 1337 804 1386 quisque
824 1344 979 1385 gereret,
1004 1337 1146 1386 expleri
1173 1336 1352 1386 potuisse,
1378 1335 1602 1385 priusquam

349 1404 464 1441 deum
497 1403 646 1440 monitu
686 1402 816 1452 quaeri
851 1409 1042 1451 coeptum,
1079 1414 1157 1451 quo
1195 1402 1403 1451 plurimum
1437 1401 1602 1451 populus

316 1474 334 1504 3
350 1468 552 1507 Romanus
594 1475 723 1518 posset
742 1481 752 1515 3
801 1467 840 1505 id
883 1468 985 1505 enim
1027 1467 1078 1504 illi
1117 1467 1206 1505 loco
1248 1466 1457 1504 dicandum
1498 1472 1603 1503 vates

349 1534 548 1581 canebant,
589 1534 619 1571 si
657 1545 737 1571 rem
776 1532 969 1583 publicam
1010 1531 1229 1570 Romanam
1264 1539 1487 1581 perpetuam
1520 1543 1603 1570 esse

349 1599 498 1637 vellent.
569 1599 673 1636 Turn
717 1598 772 1636 M.
813 1598 998 1645 Curtium,
1039 1599 1213 1636 iuvenem
1252 1597 1354 1635 bello
1392 1597 1600 1646 egregium,

350 1665 555 1714 castigasse
584 1664 708 1701 serunt
737 1664 966 1710 dubitantes,
999 1676 1048 1700 an
1079 1663 1199 1700 ullum
1228 1663 1351 1711 magis
1382 1661 1603 1700 Romanum

318 1736 335 1765 4
350 1731 495 1768 bonum
517 1742 632 1780 quam
654 1742 760 1766 arma
774 1730 964 1778 virtusque
980 1736 1090 1775 esset,
1108 1734 1141 1765 el
1158 1728 1308 1766 silentio
1329 1727 1441 1773 facto,
1461 1726 1604 1776 templa

349 1795 509 1833 deorum
529 1794 809 1840 immortalium,
833 1806 932 1843 quae
953 1793 1036 1831 soro
1057 1793 1269 1838 imminent,
1295 1792 1604 1842 Capitoliumque

349 1862 560 1898 intuentem
591 1866 627 1897 ct
660 1871 797 1896 manus
830 1871 933 1896 nunc
965 1859 1004 1896 in
1039 1859 1198 1905 caelum,
1230 1871 1331 1895 nunc
1363 1858 1402 1894 in
1431 1864 1604 1906 patentes

350 1932 471 1963 terrae
502 1925 625 1962 hiatus
654 1925 703 1962 ad
732 1925 826 1963 deos
850 1937 985 1962 manes
1013 1925 1282 1974 porrigentem,
1315 1936 1355 1961 se
1385 1923 1604 1968 devovisse;

319 1996 338 2026 5
351 2003 527 2041 equoque
541 1990 676 2028 deinde
691 2003 807 2040 quam
820 1997 968 2040 poterat
982 1991 1147 2028 maxime
1160 1996 1346 2027 exornato
1362 1987 1602 2034 insidentem,

352 2065 540 2093 armatum
579 2068 619 2093 se
658 2057 697 2093 in
735 2068 894 2105 specum
932 2056 1144 2102 immisisse,
1181 2055 1361 2104 donaque
1396 2065 1440 2091 ac
1478 2053 1605 2102 fruges

353 2134 465 2171 super
485 2134 573 2159 eum
595 2134 616 2158 a
635 2121 876 2158 multitudine
900 2121 1065 2158 virorum
1092 2132 1137 2157 ac
1160 2119 1363 2157 mulierum
1388 2123 1603 2167 congestas,

353 2187 554 2236 lacumque
587 2186 761 2224 Curtium
795 2198 874 2223 non
908 2187 958 2223 ab
989 2185 1147 2235 antiquo
1180 2184 1245 2222 illo
1274 2184 1323 2221 T.
1353 2182 1458 2220 Tatii
1486 2183 1604 2220 milite

321 2255 339 2285 6
355 2251 486 2290 Curtio
507 2251 656 2298 Mettio,
675 2250 741 2288 sed
762 2251 810 2288 ab
828 2250 902 2288 hoc
924 2249 1166 2300 appellatum.
1223 2248 1325 2287 Cura
1345 2260 1424 2286 non
1444 2248 1603 2295 deesset,
