1637 2554
311 135 564 168 PROPOSED
596 135 891 166 MJGRATJON
918 135 975 166 TO
1013 135 1127 166 VEII.
1267 137 1343 181 103

88 243 277 292 possunt?
334 241 501 279 Veiosne
533 240 627 278 haec
667 240 964 277 transferemus?
1012 252 1060 277 an
1100 239 1341 276 comitiorum
1357 251 1439 280 ac.
1457 252 1546 280 390.

89 320 203 344 causa
223 307 386 356 populus
406 314 512 344 tanto
538 306 786 344 incommodo
807 306 846 342 in
867 305 1057 343 desertam
1086 304 1185 342 hanc
1206 305 1255 341 ab
1285 304 1342 342 dis
1358 303 1394 336 17

89 372 384 421 hominibusque
404 371 539 408 urbem
559 370 786 407 conveniet?

88 493 96 507 ‘
116 491 159 521 To
183 490 321 530 ungu-ate
341 500 414 520 now
429 490 540 520 would
553 489 586 520 be
606 499 627 519 α
645 489 714 520 base
733 489 912 520 admissz'on
933 489 974 530 of
983 488 1095 530 defeat.
1140 490 1170 520 A
1194 487 1286 519 lumel
1306 488 1342 519 in
1358 490 1427 523 Ch.
1449 491 1510 524 53.

177 542 277 572 li'ome
300 542 328 572 is
351 541 448 572 better
470 541 552 571 llum
575 539 680 571 cxile.‘

545 595 617 624 (κῃ-γ
644 615 675 620 .,
703 608 706 610 ψ

144 637 152 652 ‘
166 633 216 669 At
236 633 339 669 enim
360 638 515 681 apparet
533 623 689 680 quidem
701 632 824 679 pollue·
838 632 956 669 omnia
981 644 1052 669 nec
1078 631 1160 669 ullis
1186 631 1342 681 piaculis
1357 640 1372 669 1

89 698 231 747 expiari
252 710 387 747 posse;
409 697 475 734 sed
495 710 553 734 res
574 697 655 745 ipsa
670 697 771 745 cogit
787 704 930 734 vastam
950 697 1134 734 incendiis
1150 698 1342 747 ruinisque

89 763 300 813 relinquere
325 764 459 800 urbem
484 770 519 799 et
540 763 588 799 ad
614 763 760 811 integra
787 763 917 799 omnia
936 763 1056 800 Veios
1082 764 1246 812 migrare
1271 775 1342 800 nec

89 827 148 865 hic
182 828 418 865 aedificando
456 828 612 876 inopem
656 827 808 876 plebem
850 840 996 865 vexare.
1055 828 1169 865 Hanc
1214 831 1371 864 autem‘2

88 893 215 930 iactari
236 893 357 942 magis
376 904 532 929 causam
552 904 669 941 quarn
689 904 817 929 veram
838 905 932 939 esse,
954 900 993 930 ut
1013 905 1087 942 ego
1107 905 1186 930 non
1206 893 1342 938 dicam,

89 970 269 1007 apparere
289 958 406 1002 vobis,
428 956 606 1004 Quirites,
628 964 733 1006 puto,
755 957 819 1006 qui
840 958 1077 1003 meministis,
1100 965 1188 995 ante
1209 956 1342 995 Gallo-

88 1035 173 1060 rum
211 1023 427 1069 adventum‚
459 1023 569 1059 salvis
606 1023 713 1060 tectis
750 1023 911 1072 publicis
948 1023 1188 1072 privatisque,
1222 1029 1343 1060 stante

89 1088 269 1126 incolumi
302 1089 408 1134 urbe,
434 1087 532 1125 hanc
567 1088 730 1125 eandem
762 1100 843 1125 rem
875 1095 1000 1125 actam
1031 1100 1125 1133 esse,
1155 1095 1196 1125 ut
1223 1087 1343 1125 Veios

88 1154 451 1203 transmigraremus.
509 1152 558 1190 Et
591 1153 723 1198 videte,
754 1160 943 1202 quantum
973 1154 1070 1190 inter
1099 1165 1226 1190 meam
1258 1155 1371 1190 sen-3

87 1218 245 1256 tentiam
278 1225 516 1267 vestramque
554 1218 709 1263 intersit,
738 1218 888 1255 tribuni.
947 1218 1040 1264 Vos,
1072 1218 1220 1255 etiamsi
1253 1225 1342 1255 tunc

87 1284 303 1321 faciendum
323 1296 402 1320 non
422 1282 543 1328 fuerit,
564 1295 666 1321 nunc
686 1283 816 1333 utique
838 1283 1054 1321 faciendum
1078 1283 1216 1332 putatis
1228 1295 1238 1329 ;
1269 1295 1342 1333 ego

88 1355 221 1387 contra
240 1348 327 1399 (nec
347 1348 384 1385 id
403 1348 526 1385 mirati
547 1348 638 1394 sitis,
659 1348 895 1398 priusquam,
912 1348 1023 1398 quale
1044 1349 1101 1394 sit,
1122 1347 1341 1398 audieritis),

88 1413 235 1451 etiamsi
261 1420 342 1450 tum
372 1412 613 1462 migrandum
642 1413 774 1450 suisset
799 1413 981 1451 incolumi
1008 1420 1087 1451 tota
1113 1414 1219 1459 urbe,
1240 1425 1341 1451 nunc

88 1478 156 1516 has
171 1478 298 1515 ruinas
317 1478 585 1527 relinquendas
601 1490 680 1515 non
695 1490 904 1516 censerem.
953 1478 1106 1528 Quippe
1125 1485 1206 1515 tum
1226 1491 1342 1516 causa
1355 1484 1373 1513 4

88 1543 200 1581 nobis
228 1543 267 1580 in
295 1543 430 1580 urbem
459 1549 610 1592 captam
639 1543 829 1592 migrandi
857 1544 1013 1581 victoria
1043 1550 1154 1589 esset,
1175 1544 1343 1593 gloriosa

87 1608 198 1646 nobis
218 1620 262 1645 ac
281 1607 442 1657 posteris
462 1608 600 1645 nostris
611 1620 620 1654 ;
649 1620 751 1645 nunc
772 1608 865 1646 haec
880 1609 1056 1658 migratio
1071 1609 1183 1646 nobis
1204 1609 1343 1646 misera

88 1685 132 1710 ac
160 1673 287 1722 turpis,
309 1672 428 1710 Gallis
460 1673 625 1722 gloriosa
660 1681 727 1711 est.
786 1672 878 1711 Non
912 1674 1016 1711 enim
1044 1674 1239 1723 reliquisse
1267 1674 1372 1711 vic-5

87 1745 200 1783 tores,
221 1737 287 1774 sed
306 1738 476 1775 amisisse
496 1738 582 1775 victi
608 1739 769 1788 patriam
788 1739 1021 1776 videbimur:
1052 1738 1126 1776 hoc
1147 1739 1196 1776 ad
1214 1738 1343 1776 Aliam

87 1802 187 1852 suga,
215 1802 288 1840 hoc
320 1810 430 1852 capta
459 1805 559 1850 urbs,
584 1803 657 1842 hoc
691 1805 983 1842 circumsessum
1013 1803 1245 1853 Capitolium
1276 1816 1344 1841 ne-

87 1868 272 1906 cessitatis
297 1869 536 1918 imposuisse,
558 1876 598 1906 ut
625 1870 886 1907 desereremus
914 1877 1073 1920 penates
1099 1876 1250 1908 nostros
1277 1882 1343 1907 ex-

88 1933 289 1982 siliumque
327 1946 372 1972 ac
410 1934 543 1984 fugam
575 1935 689 1972 nobis
722 1947 769 1972 ex
803 1947 851 1972 eo
886 1935 973 1973 loco
1006 1935 1344 1981 conscisceremus,

88 2009 203 2046 quem
231 1999 327 2036 tueri
355 2012 435 2038 non
464 2012 676 2050 possemus.
732 1999 782 2037 Et
811 1999 912 2038 Galli
942 2007 1107 2038 evertere
1141 2007 1344 2050 potuerunt

90 2062 270 2110 Romam,
300 2064 469 2103 Romani
514 2066 707 2103 restituere
753 2077 832 2103 non
874 2065 1102 2102 videbuntur
1146 2066 1344 2115 potuisse?

90 2127 196 2174 Quid
224 2136 338 2167 restat
368 2130 440 2168 nisi
470 2137 522 2176 ut,
544 2131 574 2168 si
606 2131 683 2167 iam
714 2131 822 2168 novis
850 2131 970 2180 copiis
998 2131 1150 2168 veniant
1177 2130 1371 2182 (constat6

89 2194 202 2240 enim,
231 2195 292 2232 vix
325 2195 543 2233 credibilem
576 2196 858 2233 multitudinem
894 2194 995 2247 esse)
1025 2203 1061 2233 et
1097 2195 1266 2234 habitare
1303 2197 1343 2234 in

90 2265 202 2309 capta
239 2260 288 2297 ab
326 2272 377 2307 se,
408 2261 556 2299 deserta
594 2273 617 2298 a
653 2261 762 2299 vobis
799 2260 870 2299 hae
906 2261 1000 2299 urbe
1032 2261 1158 2308 velint,
1188 2262 1344 2300 sinatis?
