1637 2554
243 126 343 158 THE
372 125 663 158 BEGINNING
693 125 757 157 OF
785 125 956 157 GREAT
985 124 1131 157 WARS.
1238 126 1317 168 207

66 237 280 283 sustinetur,
295 238 387 286 erigi
407 237 609 287 imperium
629 239 778 286 posset!
826 235 921 274 Belli
945 243 1071 274 autem
1092 248 1208 273 causa
1228 247 1316 273 curn
1331 243 1414 271 Ec.
1433 244 1520 271 343.

69 305 302 342 Samnitibus
334 303 532 349 Romanis,
562 315 681 353 quum
716 303 896 341 societate
930 303 1172 351 amicitiaque
1201 302 1351 339 iuncti3

65 376 203 414 essent,
225 370 460 406 extrinsecus
482 369 594 414 venit,
615 380 694 406 non
721 376 804 406 orta
833 369 931 404 inter
956 369 1059 417 ipsos
1084 375 1150 405 est.
1209 366 1316 404 Sam·
1333 382 1350 410 4

67 512 186 548 quum
210 500 430 545 intulissent,
453 500 573 537 coacti
600 500 735 549 inopes
756 499 804 536 ad
828 499 1109 548 opulentiorum
1134 498 1317 535 auxilium

62 564 272 642 COnsJgere
302 564 512 614 Campanis
545 577 629 602 sese
668 565 915 613 coniungunt.
973 563 1162 613 Campani
1195 565 1350 613 magis5
1409 574 1590 614 --gm‘ffl‘

52 615 226 668 s'nomen
235 629 283 667 ad
303 630 535 679 praesidium
562 630 753 667 sociorum
774 642 889 679 quam
913 630 1010 667 vires
1033 642 1151 678 quum
1177 630 1317 667 attulis-

67 702 159 741 sent,
190 695 350 732 fluentes
379 695 470 731 luxu
500 696 549 731 ab
584 695 727 732 duratis
756 707 827 732 usu
856 707 1048 732 armorum
1079 696 1116 731 in
1148 694 1317 732 Sidicino

65 760 161 810 pulsi
194 772 287 809 agro
321 760 360 797 in
392 772 431 797 se
465 759 603 797 deinde
634 760 778 798 molem
811 772 969 797 omnem
997 760 1086 797 belli
1115 768 1317 798 verterunt.

67 825 246 875 Namque
278 825 478 870 Samnites,
499 826 650 863 omissis
683 824 859 862 Sidicinis
892 826 1015 874 ipsam
1050 838 1178 863 arcem
1208 826 1352 862 finiti-6

1491 873 1536 906 ’,ἦ
1569 885 1630 903 :uta

66 903 220 929 morum
258 891 481 941 Campanos
524 891 658 935 adorti,
694 892 796 928 unde
835 904 955 941 aeque
995 891 1113 929 facilis
1151 877 1450 938 victoriast‘fs‘
1463 889 1482 931 1²
1538 926 1545 938 „

66 957 232 1006 praedae
273 965 386 1006 atque
429 958 573 1006 gloriae
613 957 698 1006 plus
741 964 850 1003 esset,
895 957 1033 1002 Tifata,
1078 959 1320 996 imminentes

67 1022 223 1071 Capuae
244 1023 372 1069 colles,
395 1035 514 1072 quum
534 1023 723 1072 praesidio
746 1023 856 1060 firmo
875 1030 1137 1072 occupassent,
1161 1023 1317 1060 descen—

68 1088 162 1124 dunt
191 1087 279 1125 inde
308 1088 496 1137 quadrato
525 1089 677 1137 agmine
708 1089 747 1125 in
777 1088 983 1137 planitiem,
1016 1100 1114 1136 quae
1145 1087 1318 1136 Capuam

71 1154 272 1204 Tifataque
293 1155 500 1192 interiacet.
557 1154 616 1192 Ibi
642 1167 770 1192 rursus
798 1155 878 1191 acie
909 1155 1131 1192 dimicatum
1147 1167 1155 1200 ;
1187 1155 1351 1192 adver-7

67 1231 187 1268 soque
225 1220 369 1269 proelio
410 1220 598 1268 Campani
637 1220 734 1256 intra
772 1219 927 1256 moenia
966 1219 1164 1268 compulsi,
1200 1232 1319 1269 quum

67 1285 202 1322 robore
227 1285 429 1322 iuventutis
454 1297 544 1322 suae
569 1285 695 1322 acciso
721 1285 823 1321 nulla
850 1285 1068 1334 propinqua
1095 1297 1183 1334 spes
1207 1293 1316 1329 esset,

68 1350 192 1386 coacti
211 1357 298 1387 sunt
319 1351 367 1386 ab
389 1349 576 1387 Romanis
596 1357 723 1398 petere
744 1350 937 1386 auxilium.

69 1437 85 1472 ξ
109 1445 133 1466 1.
158 1439 167 1452 ‘
190 1437 277 1466 Your
297 1440 402 1476 treaty
427 1436 508 1467 witlz
532 1436 584 1467 the
606 1434 792 1474 Samnites,’
817 1436 890 1475 they
912 1447 980 1476 say,
1005 1436 1091 1467 ‘does
1114 1441 1169 1466 not
1191 1437 1322 1467 exclude
1336 1433 1406 1466 Ch.
1425 1433 1489 1466 30.

154 1498 226 1518 new
254 1488 418 1518 allz‘ances.
471 1488 526 1518 [Vc
555 1498 615 1518 can
645 1488 719 1528 keep
748 1498 768 1518 α
798 1487 888 1518 check
917 1499 958 1518 on
981 1498 1072 1527 your
1099 1488 1244 1525 cnemz'es,
1271 1488 1323 1518 tlze

154 1539 325 1579 Aequians
339 1539 410 1569 and
429 1540 459 1570 V
456 1539 601 1576 olscz'ans,
618 1539 688 1569 and
701 1539 795 1570 when
812 1539 884 1578 they
899 1549 956 1569 are
970 1539 1110 1569 cruslzed
1121 1549 1184 1569 our
1197 1538 1324 1570 bordcrs

155 1590 231 1620 will
242 1590 347 1621 louclz.
408 1593 423 1628 ξ
442 1600 471 1631 9.
499 1591 612 1621 Clzoosc
628 1590 773 1621 whether
785 1601 854 1630 you
871 1591 948 1620 will
962 1591 1044 1621 have
1063 1601 1102 1620 us
1114 1590 1177 1631 sor
1187 1590 1325 1630 friends

153 1652 191 1672 ον
201 1641 281 1682 fhcs.
352 1644 367 1679 ξ
388 1650 437 1672 12.
466 1643 540 1673 Our
556 1653 630 1672 war
650 1641 678 1672 is
700 1652 757 1672 one
777 1642 817 1683 of
828 1641 952 1682 defense
975 1642 1106 1681 against
1129 1642 1323 1682 aggv‘cssz'on.

154 1693 302 1724 Promise
316 1704 406 1733 your
424 1693 504 1734 help,
530 1693 601 1723 and
618 1704 659 1723 no
681 1704 755 1723 war
771 1693 848 1723 will
866 1692 899 1724 be
922 1693 1056 1724 needed:
1080 1693 1150 1723 and
1171 1704 1217 1724 wc
1239 1694 1329 1723 shall

152 1755 226 1775 ever
241 1744 275 1775 be
291 1750 370 1775 most
385 1745 514 1776 devoted
526 1750 556 1775 to
568 1755 645 1785 you.
699 1744 810 1775 lez'nk
825 1745 866 1786 os
873 1745 925 1775 tlte
941 1745 1033 1785 hopes
1054 1745 1126 1775 and
1135 1749 1279 1786 prayers
1293 1745 1333 1786 of

153 1806 217 1826 our
230 1801 450 1836 countrymcn,
467 1796 651 1837 amigrant
665 1807 728 1826 our
742 1795 888 1837 rcqucst.'

123 1856 257 1907 Legati
281 1858 484 1896 introducti
511 1859 551 1894 in
575 1865 749 1895 senatum
778 1858 946 1895 maxime
976 1858 1016 1894 in
1043 1857 1142 1895 hanc
1171 1866 1321 1896 senten·
1338 1865 1354 1893 1

69 1923 159 1959 tiam
180 1923 293 1960 locuti
312 1931 410 1960 sunt.
468 1926 476 1940 ‘
490 1923 659 1972 Populus
680 1935 750 1960 nos
767 1923 991 1972 Campanus
1011 1923 1155 1973 legatos
1175 1924 1224 1961 ad
1243 1936 1322 1969 vos,

69 1995 196 2036 patres
220 1989 437 2037 conscripti,
459 1989 570 2033 misit,
592 1989 800 2025 amicitiam
819 1989 859 2024 in
879 1996 1117 2037 perpetuum,
1140 1989 1323 2026 auxilium

69 2064 250 2101 praesens
269 2065 291 2089 a
310 2054 417 2090 vobis
437 2054 608 2102 petitum.
666 2052 796 2099 Quam
827 2054 856 2090 si
886 2053 1064 2090 secundis
1093 2054 1205 2091 rebus
1234 2061 1355 2091 nos-2

70 2118 134 2154 tris
154 2117 391 2166 petissemus,
415 2119 512 2155 sicut
538 2126 674 2167 coepta
697 2118 868 2162 celerius,
888 2118 939 2154 ita
965 2118 1171 2155 infirmiore
1197 2119 1322 2156 vinclo

71 2188 268 2219 contracta
294 2190 415 2228 esset3
444 2190 535 2220 tunc
563 2184 676 2228 enim,
697 2190 739 2219 ut
766 2182 830 2231 qui
854 2195 900 2219 ex
926 2195 1050 2232 aequo
1077 2195 1148 2220 nos
1173 2184 1323 2221 venisse

71 2248 111 2284 in
131 2248 332 2285 amicitiam
350 2248 669 2294 meminissemus,
685 2249 797 2285 amici
817 2247 971 2285 forsitan
986 2248 1122 2297 pariter
1142 2260 1186 2286 ac
1207 2261 1322 2295 nunc,
