1670 2532
296 92 375 122 102
647 88 777 129 LJVY,
807 87 942 119 BOOK
966 87 1003 121 V.
1025 88 1092 132 52,
1115 87 1181 134 53.

87 197 168 227 B-C·
187 197 275 226 390·
289 193 452 232 maiores
486 193 638 231 intersit.
694 192 752 230 Illi
791 205 897 230 sacra
929 192 1119 243 quaedam
1154 193 1193 230 in
1223 200 1355 232 monte
1391 193 1542 232 Albano

289 258 513 308 Laviniique
552 259 662 296 nobis
696 258 868 296 facienda
902 258 1145 296 tradiderunt.
1201 258 1265 294 An
1296 271 1343 296 ex
1376 257 1542 295 hostium

288 325 445 362 urbibus
480 324 647 361 Romam
680 323 727 360 ad
759 335 830 360 nos
857 323 1047 360 transferri
1082 336 1188 361 sacra
1218 323 1435 373 religiosum
1464 324 1541 368 fuit,

290 389 380 427 hinc
407 390 487 427 sine
515 389 666 438 piaculo
691 389 728 424 in
757 388 925 425 hostium
949 389 1081 426 urbem
1103 388 1221 426 Veios
1245 388 1541 426 transferemus?

260 466 277 493 υ
294 454 576 499 Recordamini,
602 454 700 503 agite
727 453 829 497 dum,
860 454 1007 502 quotics
1037 466 1140 490 sacra
1165 454 1430 499 instaurentur,
1455 454 1543 502 quia

292 521 434 569 aliquid
454 533 501 557 ex
517 520 638 569 patrio
659 520 729 556 ritu
750 519 982 567 negligentia
998 531 1133 556 casuve
1151 519 1457 568 praetermissum
1477 526 1543 556 est.

293 585 417 623 Modo
431 597 528 633 quae
543 597 601 621 res
622 591 708 633 post
728 584 946 633 prodigium
963 584 1101 621 Albani
1115 584 1218 621 lacus
1233 584 1302 620 nisi
1320 585 1543 622 instauratio

292 662 486 688 sacrorum
511 649 841 698 auspiciorumque
870 650 1063 686 renovatio
1088 649 1246 686 affectae
1266 648 1415 686 Veienti
1443 649 1544 686 bello

239 724 279 753 10
293 716 344 752 rei
374 715 548 764 publicae
579 714 749 751 remedio
778 714 872 750 fuit?
928 714 980 750 At
1008 714 1133 760 etiarn,
1164 722 1346 764 tanquam
1376 721 1544 751 veterum

291 780 518 829 religionum
558 791 761 824 memores,
799 787 835 815 et
883 780 1105 828 peregrinos
1153 779 1245 817 deos
1285 779 1544 817 transtulimus

291 844 459 882 Romam
487 852 524 882 et
552 845 781 882 instituimus
808 856 939 882 novos.
997 844 1094 882 Iuno
1123 845 1254 893 regina
1284 851 1495 882 transvecta
1521 856 1544 881 a

291 910 396 948 Veiis
417 922 540 960 nuper
560 911 597 946 in
618 910 809 948 Aventino
829 922 946 959 quam
967 910 1104 959 insigni
1124 911 1176 947 ob
1196 910 1384 948 excellens
1404 917 1544 947 matro-

242 986 279 1016 11
294 988 428 1012 narum
449 976 615 1013 studium
644 976 860 1025 celebrique
884 975 1054 1013 dedicata
1077 983 1133 1013 est
1153 975 1234 1013 die!
1290 976 1365 1014 Aio
1386 975 1545 1013 Locutio

291 1042 477 1091 templum
496 1049 648 1091 propter
671 1041 873 1079 caelestem
895 1053 1030 1078 vocem
1053 1041 1271 1078 exauditam
1295 1042 1332 1078 in
1358 1040 1468 1079 Nova
1487 1041 1546 1078 via

291 1107 470 1145 iussimus
495 1108 598 1153 fieri;
630 1106 867 1157 Capitolinos
891 1107 1001 1144 ludos
1026 1106 1275 1144 sollemnibus
1300 1107 1381 1144 aliis
1401 1106 1545 1144 addidi-

293 1184 390 1219 mus,
404 1173 682 1222 collegiumque
698 1173 798 1211 adid
812 1185 954 1210 novum
970 1179 1124 1210 auctore
1140 1179 1271 1209 senatu
1288 1172 1545 1218 condidimus;

243 1245 283 1275 12
295 1239 386 1288 quid
415 1238 550 1277 horum
584 1251 682 1288 opus
712 1239 780 1276 fuit
811 1239 960 1287 suscipi,
982 1239 1012 1275 si
1042 1249 1119 1275 una
1147 1250 1234 1275 cum
1266 1237 1386 1276 Gallis
1413 1239 1547 1276 urbem

295 1304 516 1343 Romanam
541 1304 701 1342 relicturi
731 1304 881 1349 fuimus,
904 1305 933 1341 si
959 1316 1040 1341 non
1060 1303 1253 1341 voluntate
1277 1304 1487 1342 mansimus
1507 1305 1547 1342 in

296 1369 487 1418 Capitolio
513 1383 579 1419 per
598 1376 652 1407 tot
676 1382 827 1408 menses
847 1370 1068 1416 obsidionis,
1091 1370 1158 1407 sed
1179 1371 1228 1407 ab
1248 1369 1423 1408 hostibus
1443 1377 1548 1408 metu

244 1446 282 1476 13
295 1434 426 1471 retenti
453 1436 610 1472 sumus?
667 1434 726 1472 De
753 1435 867 1472 sacris
892 1435 1082 1483 loquimur
1111 1443 1147 1473 et
1174 1435 1221 1474 de
1250 1435 1401 1485 templis
1417 1449 1426 1481 ;
1456 1436 1548 1486 quid

294 1500 450 1537 tandem
470 1500 515 1536 de
540 1500 801 1538 sacerdotibus
827 1513 958 1538 nonne
984 1501 1021 1538 in
1042 1509 1210 1539 mentem
1230 1502 1342 1547 venit,
1363 1508 1548 1551 quantum

293 1565 432 1614 piaculi
464 1566 746 1603 committatur?
804 1566 1022 1605 Vestalibus
1055 1580 1193 1617 nempe
1231 1580 1307 1605 una
1335 1555 1405 1605 'illa
1438 1567 1549 1605 sedes

294 1637 362 1676 est,
395 1643 442 1668 ex
473 1643 548 1679 qua
580 1643 644 1668 eas
675 1630 767 1668 nihil
800 1643 971 1681 unquam
1007 1641 1273 1683 praeterquam
1306 1635 1398 1671 urbs
1436 1639 1549 1681 capta

294 1696 413 1732 movit
429 1708 438 1741 ;
469 1695 613 1732 flamini
640 1695 739 1733 Diali
769 1704 924 1735 noctem
952 1710 1068 1735 unam
1099 1711 1253 1736 manere
1281 1706 1385 1736 extra
1413 1699 1548 1736 urbem

245 1765 284 1795 14
298 1761 405 1799 nefas
431 1768 498 1798 est.
554 1760 641 1799 Hos
661 1761 841 1800 Veientes
862 1775 932 1812 pro
953 1763 1142 1801 Romanis
1163 1764 1295 1802 facturi
1315 1764 1404 1802 estis
1424 1775 1548 1802 saeer-

298 1827 416 1872 dotes,
439 1834 475 1864 et
494 1826 666 1864 Vestales
681 1834 768 1864 tuae
788 1835 824 1865 te
839 1828 1023 1873 deserent,
1038 1829 1167 1874 Vesta,
1184 1836 1220 1867 et
1237 1829 1375 1867 flamen
1390 1841 1549 1878 peregre

297 1892 508 1930 habitando
537 1893 575 1929 in
599 1893 766 1942 singulas
794 1901 926 1932 noctes
949 1902 1095 1932 tantum
1123 1896 1191 1932 sibi
1220 1895 1347 1944 reique
1374 1895 1548 1944 publicae

247 1968 285 1999 15
299 1958 436 2007 piaculi
481 1957 706 1996 contrahet?
763 1958 868 2006 Quid
905 1960 987 2005 alia,
1032 1973 1128 2011 quae
1167 1961 1363 2009 auspicato
1401 1960 1550 2009 agimus

299 2023 428 2061 omnia
453 2023 527 2061 fere
556 2025 652 2062 intra
679 2026 929 2074 pomoerium,
957 2026 1016 2063 cui
1043 2026 1222 2064 oblivioni
1249 2031 1313 2062 aut
1339 2026 1399 2063 cui
1429 2025 1549 2074 negli-

246 2097 285 2128 16
299 2089 450 2138 gentiae
467 2089 628 2128 damus?
686 2089 852 2128 Comitia
863 2092 1015 2133 curiata,
1029 2103 1126 2140 quae
1147 2103 1226 2128 rem
1239 2091 1439 2128 militarem
1456 2102 1549 2128 con-

297 2154 428 2200 tinent,
460 2155 613 2193 comitia
650 2157 868 2201 centuriata,
909 2157 1046 2206 quibus
1084 2156 1260 2194 consules
1300 2157 1548 2205 tribunosque

295 2219 473 2259 militares
510 2222 653 2269 creatis,
691 2223 755 2260 ubi
793 2222 1002 2272 auspicato,
1040 2222 1111 2260 nisi
1148 2223 1214 2260 ubi
1252 2221 1430 2269 assolent,
1470 2221 1550 2260 fieri
