1637 2554
88 134 267 166 APPIUS
287 133 535 165 CLAUDIUS
555 133 765 164 CRASSUS
781 132 986 164 RESISTS
1003 133 1219 164 REFORM.
1261 127 1336 179 163

88 239 246 276 iunctim
267 237 494 288 accipiatisff’
531 238 706 277 Obsecro
726 251 805 285 vos,
824 238 1025 288 Tarquinii
1044 239 1183 275 tribuni
1204 238 1434 287 plebis‚1÷.c
1453 244 1542 271 368.

88 311 216 354 putate
240 317 301 341 me
331 316 378 341 ex
408 303 534 341 media
564 305 745 341 contione
774 316 894 340 unum
926 304 1045 341 civem
1080 303 1338 340 succlamare:
1354 292 1394 321 10

91 369 238 406 “Bona
253 369 362 406 venia
381 376 503 406 vestra
522 369 631 406 liccat
651 382 698 406 ex
720 368 778 406 his
798 369 1060 418 rogationibus
1083 368 1220 416 legere,
1245 379 1340 416 quas

89 434 258 472 salubres
283 435 395 472 nobis
421 447 624 472 censemus
647 447 741 481 esse,
764 434 961 483 antiquare
989 431 1116 470 alias.’'
1178 431 1303 469 “Non
1320 431 1338 445 '’
1356 441 1393 470 11

88 500 221 549 inquit,
256 500 429 547 “licebit,
448 507 500 551 ,ut
527 500 573 537 de
603 499 734 538 senore
766 507 880 549 atque
914 499 1024 548 agris,
1055 497 1160 548 quod
1197 497 1245 534 ad
1275 509 1342 534 vos
1362 499 1373 523 ἴ
1397 506 1412 521 ’«
1458 482 1528 515 “3⁸²

89 576 224 602 omnes
254 565 425 614 pertinet,
448 565 590 611 iubeas,
613 558 754 616 ctQioc
787 565 949 614 portenti
980 576 1059 601 non
1089 563 1153 600 fiat
1181 563 1219 599 in
1248 563 1363 600 urbe
1418 579 1429 585 ν
1450 581 1468 585 -·
1506 575 1509 578 ·
1547 550 1562 559 θ’
1580 547 1601 568 “²

90 620 290 690 Romana}
301 630 354 666 uti
374 629 419 667 L.
437 630 609 667 Sextium
630 638 743 679 atque
764 630 866 667 hunc
884 629 926 667 C.
942 629 1134 666 Licinium
1153 627 1340 673 consules,

91 695 195 743 quod
232 695 451 743 indignaris,
485 695 590 744 quod
635 696 878 741 abominaris,
876 683 1062 752 “ssdeas;
1111 700 1174 730 aut
1212 692 1343 731 omnia

91 760 231 809 accipe,
253 767 315 797 aut
335 760 427 797 nihil
448 760 538 798 fero.
543 759 564 774 ''
620 759 673 797 Ut
701 761 730 797 si
751 761 836 809 quis
857 761 902 806 ei,
924 772 1039 809 quem
1058 766 1190 808 urgeat
1211 758 1341 803 fames,
1359 762 1397 791 12

90 837 279 862 venenum
303 833 422 875 ponat
449 838 537 863 cum
558 827 645 863 cibo
667 833 703 863 et
731 832 795 863 aut
822 826 1010 863 abstinere
1030 837 1088 870 eo,
1111 824 1215 874 quod
1234 823 1344 860 vitale

92 891 148 935 sit,
168 891 296 928 iubeat
316 897 378 927 aut
405 891 640 928 mortiferum
660 891 759 928 vitali
785 891 1002 928 admisceat.
1060 889 1164 939 Ergo
1192 890 1222 927 si
1249 895 1345 926 esset

92 956 208 993 libera
245 955 518 1001 haeccivitas,
553 969 634 993 non
665 957 732 993 tibi
771 956 987 1005 frequentes
1027 955 1343 993 succlamassent:

93 1021 204 1058 “Abi
220 1021 308 1059 hinc
332 1033 421 1059 cum
441 1022 693 1059 tribunatibus
714 1035 758 1059 ac
779 1021 1041 1071 rogationibus
1060 1021 1132 1058 tuis
1146 1019 1183 1057 ?”
1216 1018 1345 1066 Quid?

94 1087 124 1125 si
153 1094 193 1124 tu
222 1099 301 1125 non
335 1087 473 1134 tuleris,
497 1087 601 1136 quod
630 1087 879 1125 commodum
907 1093 963 1124 est
991 1086 1135 1136 populo
1164 1085 1346 1134 accipere,

95 1165 210 1207 nemo
230 1153 310 1197 erit,
331 1153 403 1212 qui
416 1152 535 1190 ferat?
592 1152 690 1190 Illud
711 1153 741 1190 si
762 1152 846 1201 quis
866 1152 1055 1202 patricius,
1078 1151 1107 1188 si
1129 1151 1223 1200 quis,
1242 1149 1347 1199 quod
1362 1153 1400 1183 13

96 1218 147 1255 illi
162 1203 325 1256 &olunt
317 1207 539 1256 invidiosius
560 1230 654 1264 esse,
681 1217 864 1256 Claudius
891 1217 1054 1255 diceret:
1087 1219 1108 1235 “
1121 1217 1198 1252 Aut
1219 1214 1350 1252 omnia

96 1285 265 1333 accipite,
298 1292 362 1321 aut
395 1284 539 1352 nihil(
518 1282 631 1330 fero‚”
667 1284 752 1333 quis
790 1290 967 1350 vestrum,
1000 1282 1180 1329 Quirites,
1212 1280 1379 1318 ferret?
1372 1291 1402 1302 ’·
1418 1288 1438 1297 ·’
1494 1291 1497 1293 ·

542 1340 604 1351 ιιιιι

97 1416 228 1454 omnia
245 1428 406 1465 semper,
415 1427 513 1465 quae
530 1415 774 1464 magistratus
789 1413 848 1451 ille
865 1413 974 1460 dicet,
993 1412 1171 1451 secundis
1185 1377 1349 1456 auribus,

97 1495 196 1532 quae
226 1483 274 1520 ab
303 1489 478 1520 nostrum
507 1493 583 1531 quo
612 1480 795 1541 dicentur,
824 1479 990 1516 adxersis
1024 1477 1245 1527 accipietis?
1301 1476 1352 1513 At
1365 1477 1404 1507 15
1432 1469 1500 1532 θ’·ζῗ

97 1548 253 1598 hercule
273 1560 398 1586 sermo
418 1554 474 1585 est
493 1547 651 1584 minime
668 1533 808 1591 civilis}
812 1534 953 1594 quid?
974 1544 1123 1594 rogatio
1139 1542 1261 1591 qualis
1280 1548 1350 1588 est,

98 1626 217 1664 quam
236 1626 259 1651 a
277 1614 383 1652 vobis
404 1613 640 1680 antiquatam
655 1575 929 1677 ἰηόἰςῐέὲῑυζὲ
979 1597 1167 1654 Sermoni,
1186 1573 1426 1656 Quirites}

99 1680 299 1717 simillima.
330 1666 579 1717 “Consules’'
595 1676 728 1726 inquit,
747 1662 888 1723 “rogo',
902 1664 1088 1719 Eevoffls,
1107 1685 1204 1722 quos
1221 1672 1351 1717 velitis,

99 1737 224 1784 facere
255 1743 401 1782 liceat.''
458 1744 522 1781 An
552 1743 657 1781 aliter
696 1747 815 1791 rogat,
846 1740 912 1790 qui
950 1740 1079 1788 utique
1113 1738 1272 1775 alterum
1305 1749 1353 1774 ex
1368 1739 1408 1770 16

100 1811 211 1862 plebe
250 1810 329 1848 fieri
368 1809 567 1847 consulem
607 1808 710 1844 iubet
747 1819 818 1844 nec
857 1806 955 1843 duos
988 1805 1165 1854 patricios
1200 1801 1355 1840 creandi

101 1883 327 1928 potestatem
363 1876 471 1914 vobis
508 1874 712 1924 permittit?
772 1872 810 1910 Si
848 1872 963 1910 hodie
996 1870 1093 1908 bella
1127 1870 1212 1914 sint,
1244 1867 1354 1917 quale
1369 1868 1410 1901 17

102 1942 305 1980 Etruscum
334 1942 414 1989 fuit,
446 1953 567 1991 quum
598 1939 786 1978 Porsinna
821 1937 1034 1975 Ianiculum
1067 1934 1214 1978 insedit,
1245 1932 1356 1982 quale

105 2006 295 2045 Gallicum
325 2008 457 2053 modo,
487 2019 608 2057 quum
640 2011 788 2055 praeter
819 2002 1049 2052 Capitolium
1080 2008 1192 2048 atque
1231 2009 1358 2035 arcem

105 2073 237 2110 omnia
269 2073 363 2111 haec
395 2073 563 2110 hostium
595 2077 712 2116 erant,
734 2076 772 2107 et
805 2067 1047 2106 consulatum
1078 2077 1167 2102 cum
1193 2064 1270 2101 hoc
1302 2061 1359 2099 M.

106 2137 222 2176 Furio
242 2144 280 2175 et
305 2138 474 2188 quolibet
503 2137 578 2175 alio
607 2148 655 2173 ex
683 2134 853 2185 patribus
873 2132 917 2170 L.
937 2131 997 2168 ille
1028 2130 1178 2167 Sextius
1206 2135 1360 2178 peteret,

107 2203 319 2252 possetisne
346 2202 453 2249 ferre,
477 2202 650 2239 Sextium
682 2198 785 2237 haud
817 2210 888 2248 pro
924 2196 1041 2234 dubio
1074 2194 1231 2268 CSnIJJUIe
1264 2206 1361 2239 esse,

111 2268 315 2306 Camillum
333 2267 380 2306 de
400 2267 550 2317 repulsa
576 2265 782 2304 dimicare?
830 2263 985 2301 Hocine
1011 2268 1068 2299 est
1087 2273 1127 2298 1n
1153 2247 1361 2298 ffim'une
1375 2265 1415 2295 18

701 2343 765 2369 L2

1367 1594 1401 1604 m
