1637 2554
430 109 633 141 REVOLT
659 109 722 141 OF
745 109 1026 141 LANUVJUM.
1280 111 1359 156 135

105 215 287 254 iudicium
316 215 555 264 invisumque
585 215 698 253 etiam
728 214 915 252 iudicibus
947 214 1101 252 factum.
1161 214 1268 259 Sunt,
1296 216 1361 264 qui
1375 224 1459 253 nc.
1474 225 1563 253 384.

105 294 172 331 per
206 282 435 327 duumviros,
463 282 529 332 qui
563 281 610 319 de
641 281 902 331 perduellione
933 281 1186 330 anquirerent,
1213 288 1362 319 creatos
1377 272 1415 303 12

105 352 278 384 auctores
298 347 371 383 sint
395 347 630 384 damnatum.
686 346 850 384 Tribuni
870 346 917 384 de
944 358 1039 384 saxo
1060 345 1232 395 Tarpeio
1259 346 1360 383 deie-

105 419 247 459 cerunt,
268 412 452 462 locusque
479 412 581 450 idem
611 413 649 449 in
676 424 754 450 uno
782 412 939 450 homine
967 419 1005 450 et
1031 412 1190 449 eximiae
1217 412 1360 460 gloriae

105 485 397 515 monumentum
426 484 463 515 et
491 490 638 527 poenae
669 477 821 514 ultimae
851 477 931 514 fuit.
988 476 1171 515 Adiectae
1205 484 1360 514 mortuo
1376 483 1415 512 13

105 550 217 581 notae
248 550 345 589 sunt,
366 543 516 593 publica
544 555 632 589 una,
655 542 769 592 quod,
790 555 910 593 quum
941 542 1080 580 domus
1109 543 1189 580 eius
1218 542 1360 588 fuisset,

106 609 170 646 ubi
207 621 309 646 nunc
348 609 463 646 aedes
501 615 615 658 atque
654 609 806 646 officina
840 608 1023 646 Monetae
1062 615 1129 654 est,
1158 608 1277 645 latum
1310 608 1360 645 ad

106 673 289 723 populum
327 680 393 719 est,
432 686 481 710 ne
519 674 603 723 quis
641 674 819 722 patricius
864 674 903 710 in
941 686 1025 711 arce
1066 680 1129 710 aut
1169 673 1359 723 Capitolio

107 739 300 785 habitaret,
330 740 521 789 gentilicia
554 739 681 785 altera,
711 739 815 788 quod
848 740 972 789 gentis
1005 739 1174 777 Manliae
1205 739 1359 777 decreto
1375 746 1414 776 14

106 812 257 843 cautum
277 812 342 851 cst,
364 818 412 842 ne
439 806 523 855 quis
543 805 681 842 deinde
704 805 758 842 M.
782 805 950 842 Manlius
970 811 1181 842 vocaretur.
1240 805 1359 842 Hunc

106 870 250 908 exitum
287 871 419 908 habuit
456 871 520 916 vir,
550 871 622 908 nisi
661 871 698 907 in
744 871 862 907 libera
907 870 1056 908 civitate
1100 876 1212 907 natus
1250 876 1359 916 esset,

106 936 373 974 memorabilis.
430 936 620 986 Populum
642 937 755 982 brevi,
778 942 982 986 postquam
1006 935 1217 985 periculum
1244 936 1293 972 ab
1313 947 1360 972 eo
1376 939 1414 970 15

107 1001 249 1039 nullum
271 1009 361 1048 erat,
382 1015 450 1052 per
474 1014 513 1039 se
534 1002 635 1051 ipsas
663 1001 1103 1039 recordantem-virtutes
1131 1000 1362 1038 desiderium

106 1068 184 1106 eius
222 1068 351 1106 tenuit.
415 1067 634 1105 Pestilentia
681 1068 795 1105 etiam
841 1067 943 1105 brevi
989 1072 1208 1112 consecuta,
1248 1066 1362 1104 nullis

107 1134 391 1172 occurrentibus
416 1140 543 1170 tantae
570 1133 687 1171 cladis
715 1133 848 1178 causis,
869 1145 916 1169 ex
944 1131 1146 1169 Manliano
1174 1131 1362 1181 supplicio

106 1211 266 1248 magnae
295 1199 390 1248 parti
415 1199 531 1236 videri
559 1206 664 1236 orta:
699 1198 878 1235 violatum
903 1197 1136 1247 Capitolium
1162 1210 1243 1234 esse
1273 1209 1361 1234 san·
1376 1204 1415 1233 16

106 1266 221 1314 guine
240 1265 449 1311 servatoris,
470 1277 540 1303 nec
561 1265 618 1302 dis
638 1265 742 1302 cordi
761 1263 886 1310 fuisse,
904 1276 1071 1313 poenam
1091 1264 1171 1301 eius
1191 1263 1362 1301 oblatam

105 1343 223 1381 prope
257 1331 375 1369 oculis
413 1331 500 1377 suis,
529 1343 552 1367 a
585 1343 663 1381 quo
695 1343 762 1367 sua
794 1329 935 1378 templa
966 1336 1096 1378 erepta
1129 1342 1149 1367 e
1182 1329 1362 1366 manibus

104 1396 273 1434 hostium
295 1402 433 1434 essent.

108 1496 123 1530 ξ
144 1502 170 1524 1.
193 1493 324 1525 Besz‘des
347 1493 399 1524 tlze
420 1504 493 1524 war
516 1493 598 1524 willa
622 1493 677 1524 tlze
700 1492 863 1524 Volscz'ans
888 1492 960 1523 and
986 1492 1109 1524 Circeii
1130 1492 1201 1523 and
1223 1491 1364 1522 Velitrae
1378 1487 1450 1521 Ch.
1469 1487 1528 1521 21.

191 1545 243 1576 tlte
269 1545 358 1585 loyal
382 1545 579 1576 Lanuvium
607 1546 731 1576 rcvolts.
819 1547 834 1581 ξ
853 1555 883 1586 4.
921 1544 1158 1585 Prepczratz'ons
1188 1554 1245 1574 are
1272 1543 1365 1573 made

181 1597 244 1638 for
258 1607 342 1633 war,
358 1597 429 1627 and
440 1597 492 1628 tlte
500 1597 610 1638 people
625 1596 822 1628 concilz'atcd.
894 1600 908 1634 ς
928 1606 957 1637 9.
996 1596 1171 1626 Praeneste
1188 1595 1217 1626 is
1231 1594 1367 1625 accuscd

190 1648 231 1690 qf
238 1649 348 1679 revolt.

160 1719 419 1758 Pestilentiam
442 1704 575 1770 inopia
594 1720 746 1769 frugum
773 1726 809 1757 et
829 1719 1022 1768 vulgatam
1049 1718 1246 1767 utriusque
1272 1718 1363 1755 mali
1378 1724 1395 1752 1

105 1785 249 1822 famam
286 1798 390 1823 anno
434 1787 659 1835 insequente
705 1785 902 1834 multiplex
946 1784 1089 1821 bellum
1127 1784 1288 1833 excepit,
1318 1783 1363 1822 L.

106 1850 260 1888 Valerio
281 1858 469 1900 quartum,
491 1851 536 1888 A.
559 1849 709 1888 Manlio
729 1850 893 1894 tertium,
909 1849 986 1887 Ser.
1010 1849 1178 1898 Sulpicio
1198 1850 1361 1896 tertium,
1377 1857 1462 1887 nc.
1475 1858 1565 1886 383.

107 1914 150 1953 L.
184 1915 372 1962 Lucretio,
405 1915 448 1953 L.
483 1916 649 1953 Aemilio
682 1915 843 1961 tertium,
879 1914 934 1953 M.
967 1914 1167 1952 Trebonio
1206 1914 1365 1951 tribunis

106 1980 268 2018 militum
289 1981 478 2018 consulari
497 1988 695 2030 potestate.
740 1980 886 2018 Hostes
906 1980 1005 2026 novi,
1021 1987 1171 2029 praeter
1187 1979 1363 2024 Volscos,
1378 1982 1397 2012 2

106 2046 208 2083 velut
227 2053 326 2084 sorte
346 2047 513 2097 quadam
532 2060 650 2097 prope
670 2048 710 2084 in
730 2054 927 2085 aeternum
946 2045 1164 2084 exercendo
1181 2045 1365 2083 Romano

107 2112 214 2149 militi
235 2112 353 2159 datos,
374 2112 622 2163 Circeiosque
643 2119 678 2150 et
698 2112 863 2149 Velitras
888 2112 1070 2158 colonias,
1091 2111 1169 2149 iam
1195 2111 1260 2148 diu
1280 2123 1364 2149 mo-

108 2178 243 2215 lientes
267 2178 530 2224 defectionem,
548 2185 585 2216 et
605 2184 823 2228 suspectum
843 2177 1007 2223 Latium,
1025 2177 1215 2214 Lanuvini
1235 2177 1362 2222 etiam,

108 2255 207 2293 quae
227 2243 445 2281 fidelissima
469 2244 559 2281 urbs
587 2242 718 2290 fuerat,
740 2243 865 2281 subito
891 2243 1025 2282 exorti.
1081 2242 1128 2280 Id
1147 2249 1273 2293 patres
1293 2243 1363 2280 rati
1378 2248 1396 2278 3
