1736 2521
382 100 462 140 208
762 109 891 150 LJVY,
922 109 1056 142 BOOK
1081 110 1160 142 νη.
1182 113 1251 157 30.

177 224 258 252 nc.
277 225 367 252 343.
380 215 537 253 subiecti
553 221 665 264 atque
686 215 843 252 obnoxii
861 216 968 253 vobis
986 217 1112 254 minus
1133 228 1302 254 essemus
1314 228 1323 263 ;
1352 228 1467 264 nunc,
1485 216 1633 255 miseri-

348 276 508 319 3cordia
529 288 650 318 vestra
669 280 861 318 conciliati
886 281 1106 331 auxilioque
1126 282 1164 318 in
1190 282 1314 319 dubiis
1339 283 1452 320 rebus
1474 282 1632 328 defensi,

379 346 609 383 beneficium
635 358 787 395 quoque
814 353 1015 395 acceptum
1042 346 1213 384 colamus
1241 354 1400 396 oportet,
1423 359 1470 384 ne
1496 347 1633 397 ingrati

379 418 492 461 atque
531 412 636 448 omni
676 423 748 460 ope
787 412 913 449 divina
956 411 1200 462 humanaque
1239 412 1385 461 indigni
1427 412 1633 450 videamur.

349 475 517 526 4Neque
555 476 721 522 hercule,
757 476 861 526 quod
903 475 1094 513 Samnites
1131 477 1278 526 priores
1315 477 1428 514 amici
1464 478 1633 527 sociique

379 543 486 579 vobis
506 541 593 579 facti
616 550 713 587 sunt,
735 543 783 579 ad
804 542 841 579 id
861 542 984 579 valere
1011 542 1181 588 arbitror,
1204 554 1252 580 ne
1273 554 1344 580 nos
1367 543 1405 579 in
1429 543 1633 580 amicitiam

379 607 622 656 accipiamur,
654 607 719 644 sed
749 616 789 644 ut
816 614 996 645 vetustate
1026 614 1064 644 et
1092 607 1214 656 gradu
1246 607 1403 645 honoris
1429 620 1499 646 nos
1523 620 1632 657 prae-

379 681 499 718 stent;
521 685 645 722 neque
661 673 764 710 enirn
782 673 934 711 foedere
953 673 1192 720 Samnitium,
1215 686 1264 711 ne
1284 686 1359 723 qua
1379 686 1478 711 nova
1497 674 1631 724 iunge-

349 744 366 773 5
383 738 470 775 retis
495 737 660 784 foedera,
684 746 837 775 cautum
864 746 930 776 est.
987 738 1073 775 Fuit
1094 738 1248 786 quidem
1271 738 1374 788 apud
1395 751 1462 776 vos
1483 751 1633 789 semper

381 803 470 840 satis
497 803 595 840 iusta
621 815 737 840 causa
763 804 960 850 amicitiae,
984 803 1075 840 velle
1103 815 1190 840 eum
1214 804 1325 841 vobis
1350 804 1515 841 amicum
1535 816 1629 850 esse,

348 874 365 901 (ἱ
380 869 444 918 qui
464 880 531 905 vos
551 874 763 917 appeteret;
795 867 995 917 Campani,
1017 868 1086 905 etsi
1107 867 1258 905 fortuna
1278 881 1458 918 praesens
1480 870 1631 921 magni-

378 934 450 971 fice
488 933 593 983 loqui
630 933 815 982 prohibet,
857 945 936 970 non
980 934 1082 971 urbis
1125 934 1385 983 amplitudine,
1427 947 1507 972 non
1552 935 1631 984 agri

378 1000 549 1036 ubertate
579 998 645 1036 ulli
680 999 824 1048 populo
858 1006 1124 1048 praeterquam
1162 1000 1270 1037 vobis
1308 999 1496 1047 cedentes,
1527 999 1631 1038 haud

377 1076 504 1114 parva,
539 1071 580 1101 ut
613 1065 782 1111 arbitror,
818 1065 987 1102 accessio
1015 1065 1126 1102 bonis
1159 1065 1271 1102 rebus
1304 1065 1434 1102 vestris
1463 1066 1502 1102 in
1536 1065 1631 1102 ami-

346 1136 364 1170 7
380 1130 508 1168 citiam
555 1130 728 1167 venimus
774 1137 947 1168 vestram.
1007 1130 1154 1179 Aequis
1192 1129 1431 1180 Volscisque,
1469 1131 1632 1168 aeternis

377 1196 552 1233 hostibus
572 1195 683 1232 huius
703 1196 816 1242 urbis,
839 1195 1149 1245 quandocunque
1171 1207 1209 1233 se
1230 1196 1426 1241 moverint,
1450 1196 1499 1233 ab
1523 1202 1631 1245 tergo

378 1262 530 1307 erimus,
551 1267 588 1298 et
617 1261 721 1310 quod
744 1273 812 1298 vos
837 1273 907 1310 pro
932 1260 1051 1298 salute
1078 1269 1207 1298 nostra
1235 1261 1378 1310 priores
1401 1260 1570 1307 feceritis,
1593 1261 1630 1299 id

346 1333 450 1364 8nos
474 1338 544 1376 pro
571 1326 730 1375 imperio
757 1333 880 1364 vestro
907 1333 942 1363 et
969 1326 1089 1375 gloria
1110 1338 1260 1375 semper
1278 1325 1473 1364 faciemus.
1532 1325 1630 1363 Sub-

377 1392 470 1429 actis
495 1392 540 1429 iis
566 1393 755 1441 gentibus,
777 1404 876 1441 quae
905 1392 1001 1429 inter
1029 1404 1100 1429 nos
1124 1403 1267 1441 vosque
1294 1398 1392 1438 sunt,
1416 1391 1520 1441 quod
1542 1403 1629 1441 pro-

376 1457 528 1507 pediem
556 1457 724 1494 futurum
751 1457 911 1507 spondet
937 1464 974 1494 ct
998 1457 1113 1494 virtus
1142 1465 1178 1494 et
1206 1456 1356 1494 fortuna
1381 1465 1516 1501 vestra,
1537 1468 1629 1494 con-

344 1523 503 1561 otinens
534 1523 734 1572 imperium
766 1534 886 1572 usque
917 1522 965 1559 ad
995 1534 1067 1559 nos
1105 1521 1301 1560 habebitis.
1359 1522 1552 1560 Acerbum
1583 1534 1628 1559 ac

375 1589 557 1626 miserum
596 1596 663 1635 est,
697 1588 800 1638 quod
840 1587 946 1624 fateri
980 1599 1051 1625 nos
1083 1587 1233 1624 fortuna
1264 1595 1392 1625 nostra
1429 1587 1552 1637 c'ogit:
1582 1599 1629 1625 eo

374 1661 531 1692 ventum
558 1661 624 1700 est,
647 1661 774 1703 patres
798 1653 1014 1702 conscripti,
1042 1660 1082 1689 ut
1102 1660 1166 1689 aut
1190 1654 1400 1690 amicorum
1421 1660 1484 1690 aut
1505 1653 1628 1689 inimi-

323 1730 509 1759 locorum
537 1719 725 1769 Campani
753 1719 880 1756 simus.
939 1717 977 1754 Si
1007 1717 1218 1763 defenditis,
1241 1718 1363 1763 vestri,
1387 1718 1416 1754 si
1445 1717 1626 1763 deseritis,

377 1785 605 1822 Samnitium
634 1785 795 1829 erimus;
827 1783 1001 1832 Capuam
1022 1795 1115 1831 ergo
1135 1790 1171 1820 ct
1192 1782 1445 1832 Campaniam
1471 1794 1628 1820 omnem

373 1851 506 1887 vestris
531 1863 580 1887 an
607 1849 833 1886 Samnitium
863 1849 1003 1885 viribus
1026 1847 1206 1885 accedere
1235 1848 1382 1893 malitis,
1409 1847 1626 1885 deliberate.

322 1926 360 1955 11
376 1915 567 1953 Omnibus
597 1915 763 1965 quidem,
798 1914 977 1960 Romani,
1009 1922 1171 1951 vestram
1209 1913 1506 1950 misericordiam
1543 1924 1627 1950 ves-

373 1988 549 2030 trumque
575 1981 757 2018 auxilium
784 1992 950 2030 acquum
978 1987 1033 2016 est
1057 1986 1196 2028 patere,
1219 1979 1263 2015 iis
1291 1986 1419 2015 tamen
1445 1978 1624 2023 maxime,

373 2046 437 2094 qui
458 2058 503 2083 ea
524 2031 815 2095 implorantibus
835 2045 918 2082 aliis
940 2041 1155 2097 [auxilium]
1178 2043 1269 2080 dum
1290 2055 1405 2092 supra
1423 2043 1519 2080 vires
1539 2054 1626 2079 suas

372 2118 576 2159 praestant,
599 2116 682 2148 ante
700 2123 835 2148 omnes
856 2112 926 2160 ipsi
954 2111 991 2148 in
1018 2110 1116 2147 hanc
1142 2108 1405 2146 necessitatem
1430 2113 1624 2144 venerunt.

321 2186 359 2216 12
373 2175 607 2225 Quanquam
628 2177 882 2226 pugnavimus
902 2176 1018 2213 verbo
1038 2187 1108 2224 pro
1130 2174 1316 2219 Sidicinis,
1339 2185 1378 2209 re
1402 2184 1473 2222 pro
1499 2172 1623 2215 nobis,

372 2254 491 2291 quum
528 2241 742 2279 videremus
780 2241 982 2278 finitimum
1021 2239 1205 2290 populum
1243 2237 1388 2276 nefario
1423 2237 1624 2275 latrocinio
