1736 2521
140 242 223 271 nc.
241 243 330 272 358.
344 235 420 272 iarn
441 236 480 272 in
500 235 693 285 principiis
709 247 754 273 ac
774 235 966 284 praetorio
986 235 1024 271 in
1046 247 1166 271 unum
1188 246 1385 273 sermones
1406 234 1603 282 confundi,

344 307 458 349 atque
485 301 523 337 in
552 300 744 338 contionis
772 300 1081 349 magnitudinem
1106 312 1279 337 crescere
1300 301 1423 343 turba,
1444 306 1481 338 et
1499 301 1604 338 voci-

342 365 452 403 ferari
473 379 519 403 ex
541 366 723 403 omnibus
743 365 848 411 locis,
869 372 910 402 ut
930 365 1126 414 extemplo
1154 365 1203 402 ad
1223 365 1447 404 dictatorem
1466 366 1582 404 iretur
1594 380 1603 413 ;

342 433 458 468 verba
491 443 560 481 pro
599 431 771 468 exercitu
806 429 947 469 faceret
983 430 1070 468 Sex.
1093 431 1256 476 Tullius,
1286 437 1327 468 ut
1355 431 1490 469 virtute
1523 432 1604 469 eius

342 497 503 545 dignum
525 504 636 533 esset.

6 0 22 245 ,Ι
347 121 428 171 184
685 130 813 173 LlVr,
839 130 977 162 BOOK
999 131 1079 162 Vll.
1108 134 1256 172 12—14.

5 252 20 363 ι,

6 352 20 418 il

5 587 10 645 ι
178 588 250 621 Ch.
270 589 326 622 13.
347 591 450 623 leez'r
476 590 673 632 spokcsman,
701 602 721 622 a
751 591 934 628 ccnlum'on,
964 592 1038 622 Sex.
1071 591 1215 630 Tullius,
1242 592 1422 633 complains
1451 592 1525 623 that
1551 593 1604 624 tlte

427 643 583 673 Dictator
597 643 745 684 despairs
755 643 796 683 os
803 643 856 674 his
871 653 989 684 army;
1011 643 1082 674 and
1095 643 1245 675 besceclzcs
1260 644 1331 675 him
1347 649 1378 675 to
1388 644 1466 686 give
1481 644 1567 676 them
1583 655 1603 675 a

427 694 521 725 trial.

311 776 325 803 1
397 763 611 814 Septimum
640 765 807 814 primum
835 765 954 815 pilum
985 765 1062 802 iam
1093 764 1244 802 Tullius
1272 764 1448 813 ducebat,
1478 777 1603 815 neque

341 837 421 867 erat
450 831 488 867 in
517 831 696 878 exercitu,
728 831 793 881 qui
818 830 974 880 quidem
998 831 1188 880 pedestria
1218 831 1407 880 stipendia
1437 830 1600 878 fecisset,

309 897 395 933 2vir
414 895 524 934 factis
553 897 728 934 nobilior.
786 896 825 934 Is
853 896 1089 946 praecedens
1118 896 1279 933 militum
1309 909 1450 946 agmen
1471 897 1519 934 ad
1539 898 1602 934 tri-

341 961 460 998 bunal
479 962 610 1011 pergit,
624 962 852 1012 mirantique
876 961 1045 1011 Sulpicio
1069 974 1149 999 non
1170 963 1319 999 turbam
1340 963 1464 1012 magis
1485 974 1601 1012 quarn

340 1027 474 1064 turbae
494 1028 703 1077 principem
725 1028 908 1074 Tullium,
931 1028 1103 1076 imperiis
1128 1027 1482 1066 obedientissimum
1503 1028 1601 1065 mili-

5 1112 156 1155 ,Μ
190 1125 235 1146 (
249 1075 431 1150 ἲῖ3ῑεῐη,
447 1096 456 1111 ‘
474 1092 513 1130 Si
534 1093 629 1139 licet,
652 1093 829 1131 dictator’
847 1094 979 1143 inquit,
1000 1093 1324 1131 ‘condemnatum
1345 1105 1384 1131 se
1406 1093 1602 1131 universus

3 1154 8 1205 ἶ
342 1158 530 1195 exercitus
564 1170 587 1195 a
616 1164 652 1196 te
673 1159 847 1207 ignaviae
876 1165 978 1196 ratus
1008 1165 1044 1196 et
1075 1171 1194 1208 prope
1223 1158 1458 1207 ignominiae
1486 1170 1602 1195 causa

6 1223 11 1254 l
341 1223 562 1260 destitutum
584 1224 664 1260 sine
685 1224 811 1269 armis,
832 1224 950 1261 oravit
970 1237 1044 1270 me,
1067 1231 1108 1261 ut
1128 1235 1236 1261 suam
1265 1236 1420 1261 causam
1440 1223 1544 1273 apud
1564 1231 1601 1261 te

307 1296 326 1327 4
341 1300 505 1338 agerem.
548 1287 750 1338 Equidem,
769 1289 890 1326 sicubi
910 1290 998 1327 loco
1018 1302 1180 1336 cessum,
1205 1290 1235 1326 si
1255 1296 1361 1339 terga
1381 1289 1469 1326 data
1488 1288 1599 1334 hosti,

7 1383 9 1386 .
44 1359 59 1375 ¹·
341 1354 372 1391 si
392 1354 502 1403 signa
522 1353 633 1392 foede
654 1356 793 1392 amissa
813 1355 925 1392 obiici
947 1356 1058 1393 nobis
1087 1362 1257 1405 possent,
1278 1361 1406 1392 tamen
1427 1354 1501 1392 hoc
1523 1367 1545 1392 a
1564 1361 1601 1392 te

339 1420 533 1469 impetrari
572 1432 738 1470 aequum
768 1433 973 1467 censerem,
1005 1428 1045 1458 ut
1077 1434 1149 1459 nos
1182 1421 1316 1458 virtute
1346 1420 1500 1470 culpam
1529 1432 1600 1457 no-

341 1492 456 1522 stram
481 1485 672 1534 corrigere
696 1492 733 1523 et
753 1486 904 1524 abolere
935 1486 1065 1536 flagitii
1094 1485 1322 1524 memoriam
1351 1498 1452 1523 nova
1480 1485 1602 1535 gloria

309 1560 328 1590 5
342 1551 534 1600 patereris.
589 1551 718 1588 Etiam
739 1551 787 1588 ad
805 1552 933 1589 Aliam
964 1552 1071 1589 fusae
1092 1552 1264 1601 legiones
1284 1551 1461 1596 eandem,
1482 1563 1600 1600 quam

341 1629 407 1666 per
434 1628 618 1666 pavorem
646 1617 862 1663 amiserant,
886 1618 1049 1667 patriam
1078 1617 1272 1666 profectae
1301 1623 1437 1666 postea
1457 1616 1600 1654 aVeiis

340 1682 476 1720 virtute
503 1693 783 1731 recuperavere.
841 1682 966 1720 Nobis
999 1683 1114 1720 deum
1145 1683 1391 1732 benignitate,
1423 1681 1599 1719 felicitate

309 1752 327 1781 6
341 1755 404 1785 tua
431 1747 640 1797 populique
662 1747 840 1795 Romani,
863 1755 899 1786 et
918 1760 977 1785 res
996 1755 1032 1785 et
1052 1748 1172 1796 gloria
1193 1755 1248 1785 est
1277 1748 1425 1797 integra
1437 1759 1447 1793 ;
1477 1759 1599 1797 quan-

341 1825 458 1863 quam
486 1813 533 1851 de
562 1813 684 1863 gloria
711 1814 774 1850 vix
802 1814 926 1851 dicere
956 1814 1088 1859 ausim,
1115 1813 1144 1851 si
1175 1825 1247 1850 nos
1276 1818 1312 1850 et
1341 1812 1470 1850 hostes
1496 1812 1598 1850 haud

341 1891 451 1917 secus
479 1890 595 1928 quam
626 1878 788 1916 seminas
817 1878 967 1916 abditos
987 1879 1084 1916 intra
1103 1878 1242 1915 vallum
1263 1878 1444 1916 omnibus
1463 1883 1598 1915 contu-

341 1944 463 1982 meliis
491 1944 661 1991 eludunt,
690 1951 727 1982 et
755 1951 795 1982 tu
823 1945 1029 1994 imperator
1057 1951 1197 1990 noster,
1226 1943 1331 1994 quod
1359 1943 1509 1992 aegrius
1531 1954 1599 1993 pa-

340 2010 466 2056 timur,
506 2011 716 2048 exercitum
763 2017 872 2048 tuum
914 2011 995 2048 sine
1033 2009 1180 2055 animis,
1221 2009 1303 2046 sine
1350 2008 1476 2054 armis,
1517 2009 1598 2045 sine

341 2076 520 2113 manibus
540 2076 684 2114 iudicas
703 2088 786 2114 esse
806 2082 854 2123 et,
876 2076 1099 2126 priusquam
1123 2082 1332 2147 expertus
1321 2086 1394 2112 nos
1414 2085 1528 2120 esses,
1551 2073 1598 2110 de

342 2141 454 2178 nobis
474 2142 525 2179 ita
545 2142 764 2192 desperasti,
786 2149 826 2178 ut
847 2147 882 2179 te
911 2118 1137 2178 mzffi’c‘ofum
1169 2152 1213 2177 ac
1244 2116 1426 2177 debilium
1457 2139 1597 2176 ducem

311 2206 528 2244 Tiudieares
556 2219 649 2245 esse.
707 2206 812 2253 Quid
837 2206 940 2244 enim
970 2205 1070 2243 aliud
1100 2218 1182 2244 esse
1212 2217 1350 2243 causae
1384 2204 1595 2249 credamus,

8 2124 11 2152 ι

8 2166 12 2231 ἱ

8 2234 20 2376 {i
342 2284 409 2308 cur
442 2279 643 2310 veteranus
680 2272 770 2319 dux,
806 2271 1036 2310 fortissimus
1073 2271 1184 2317 bello,
1217 2270 1457 2320 compressis,
1491 2269 1597 2320 quod

9 2397 12 2417 l

39 1074 156 1110 aaz>
165 1073 212 1107 s.-

14 2179 16 2184 Δ
8 2134 16 2163 .—.„
7 1985 16 2121 πτ-
8 1887 15 1976 ννᾼ-Α-
8 1822 15 1877 Τν-
8 1792 10 1794 -
