1637 2554
140 126 246 157 WAR
285 126 422 157 WJTJJ
452 125 718 157 VOLSCIANS
743 125 851 156 AND
882 125 1184 157 ETRCSCANS.
1251 128 1328 169 109

76 233 262 270 rationem
283 232 329 269 de
349 232 448 269 bello
470 231 518 269 ad
537 231 668 268 sanum
685 231 919 269 Voltumnae
941 233 1079 270 saetam
1099 239 1328 270 mercatores
1341 244 1423 273 ac.
1442 246 1530 273 389.

77 297 295 334 afferebant.
352 297 485 334 Novus
519 308 674 345 quoque
709 304 830 334 terror
863 304 1073 334 accesserat
1107 296 1360 334 desectionis3

76 361 300 399 Latinorum
335 361 682 410 Hernicorumque,
710 362 775 410 qui
805 369 891 411 post
922 374 1091 411 pugnam
1125 362 1174 399 ad
1205 361 1328 398 lacum

77 427 268 477 Regillum
294 427 432 464 saetam
460 439 526 475 per
553 439 676 464 annos
702 439 821 476 prope
848 436 1001 465 centum
1027 439 1225 476 nunquam
1249 438 1328 463 arn-

75 493 191 542 bigua
229 493 302 530 fide
339 493 379 529 in
417 492 582 529 amicitia
619 493 750 541 populi
784 492 950 530 Romani
983 492 1139 529 fuerant.
1195 492 1360 542 Itaque4

75 571 192 608 quum
223 559 316 595 tanti
346 558 514 607 undique
547 565 708 595 terrores
739 558 1025 596 circumstarent
1054 565 1328 608 appareretque

75 624 264 668 omnibus,
293 635 371 661 non
409 623 499 660 odio
537 623 663 660 solum
703 623 805 672 apud
835 623 975 669 hostes,
1005 624 1072 660 sed
1105 630 1328 672 contemptu

73 689 187 725 etiam
225 689 320 726 inter
357 688 484 725 socios
522 700 665 725 nomen
704 688 928 726 Romanum
966 689 1149 733 laborare,
1179 688 1360 737 placuit‚5

74 754 217 792 eisdem
239 754 415 802 auspiciis
440 753 591 790 defendi
614 766 694 790 rem
721 754 925 802 publicam,
946 755 1084 803 quibus
1111 761 1329 803 recuperata

73 827 183 864 esset,
203 820 505 868 dictatoremque
535 819 608 856 dici
640 818 695 856 M.
722 819 879 856 Furium
909 819 1124 857 Camillum.
1180 819 1218 856 Is
1249 819 1360 858 dic-6

75 891 170 922 tator
185 884 229 922 C.
247 883 445 921 Serw'lium
461 883 625 920 Ahalam
646 885 872 933 magistrum
892 885 1064 934 equitum
1085 884 1199 930 dixit;
1225 884 1332 927 iusti-A

73 950 201 999 tioque
233 950 375 986 indicto
408 949 587 986 dilectum
621 949 812 987 iuniorum
843 949 984 995 habuit,
1012 950 1063 986 ita
1093 956 1134 987 ut
1162 950 1329 987 seniores

73 1027 238 1065 quoque,
267 1015 405 1064 quibus
435 1014 579 1064 aliquid
612 1015 762 1052 roboris
797 1022 1021 1064 superesset,
1046 1016 1086 1052 in
1117 1015 1231 1053 verba
1262 1027 1329 1051 sua

73 1080 214 1118 iuratos
234 1081 480 1134 ekentjufflaretL
531 1080 756 1117 Exercitum
784 1081 1042 1130 conscriptum
1063 1087 1327 1129 armatumque
1344 1092 1361 1124 7

72 1144 252 1182 trifariam
279 1145 413 1182 divisit.
458 1133 623 1182 Partem
650 1158 767 1182 unam
794 1146 833 1182 in
862 1158 954 1195 agro
974 1145 1135 1183 Veiente
1155 1145 1328 1182 Etruriae

72 1211 264 1259 opposuit,
284 1210 439 1248 alteram
466 1217 553 1248 ante
573 1211 709 1248 urbem
736 1218 859 1248 castra
879 1211 1006 1248 locare
1033 1211 1160 1256 iussit;
1191 1211 1328 1247 tribuni

72 1276 235 1313 militum
256 1276 314 1313 his
333 1276 380 1313 A.
403 1276 582 1322 Manlius,
604 1277 686 1322 illis,
708 1278 772 1326 qui
793 1277 974 1314 adversus
993 1276 1180 1314 Etruscos
1205 1277 1327 1314 mitte-
1342 1285 1360 1314 8

73 1342 222 1387 bantur,
242 1340 288 1378 L.
307 1341 495 1379 Aemilius
515 1342 761 1391 praepositus.
819 1343 991 1380 Tertiam
1011 1349 1158 1391 partem
1177 1342 1258 1391 ipse
1279 1342 1329 1379 ad

73 1406 239 1444 Volscos
259 1407 377 1453 duxit,
401 1419 471 1444 nec
493 1407 628 1456 procul
647 1420 670 1444 a
690 1407 864 1445 Lanuvio
885 1406 950 1457 (ad
970 1407 1142 1445 Mecium
1165 1407 1196 1445 is
1222 1407 1328 1445 locus
1349 1394 1614 1437 MA...-

73 1471 222 1523 dicitur)
245 1480 369 1510 castra
397 1485 622 1522 oppugnare
652 1480 709 1511 est
744 1472 912 1511 adortus.
971 1473 1122 1519 Quibus
1155 1474 1204 1510 ab
1233 1479 1360 1511 con-9

72 1545 230 1587 temptu‚
251 1539 356 1588 quod
384 1551 507 1589 prope
531 1551 690 1577 omnem
721 1539 885 1577 deletam
915 1552 937 1576 a
963 1539 1083 1577 Gallis
1109 1538 1329 1576 Romanam

72 1604 307 1641 iuventutem
323 1605 529 1650 crederent,
543 1604 592 1642 ad
612 1604 755 1642 bellum
776 1605 956 1654 profectis
979 1611 1127 1642 tantum
1144 1604 1330 1642 Camillus

72 1668 222 1706 auditus
240 1669 447 1719 imperator
467 1670 620 1708 terroris
640 1669 826 1714 intulerat,
847 1676 889 1707 ut
907 1669 1006 1707 vallo
1026 1682 1066 1707 se
1086 1670 1169 1719 ipsi,
1189 1670 1329 1707 vallum

73 1735 266 1783 congestis
297 1736 497 1773 arboribus
531 1736 732 1784 saepirent,
762 1747 810 1772 ne
842 1747 919 1784 qua
952 1736 1088 1772 intrare
1122 1735 1170 1772 ad
1202 1736 1329 1772 muni-

72 1806 200 1836 menta
231 1800 349 1838 hostis
382 1807 522 1850 posset.
580 1800 699 1847 Quod
733 1801 797 1837 ubi
831 1801 1098 1838 animadvertit
1132 1800 1328 1846 Camillus,
1343 1810 1383 1839 10

72 1865 201 1913 ignem
232 1865 271 1902 in
303 1867 496 1903 obiectam
529 1877 684 1915 saepem
716 1866 854 1903 coniici
887 1866 1016 1910 iussit;
1056 1875 1094 1903 et
1123 1866 1218 1904 forte
1249 1874 1329 1904 erat

72 1930 127 1967 vis
159 1942 301 1979 magna
333 1932 433 1968 venti
466 1944 575 1969 versa
608 1932 647 1968 in
682 1931 858 1975 hostem3
897 1932 1026 1980 itaque
1064 1944 1144 1969 non
1183 1933 1330 1982 aperuit
1345 1935 1382 1964 11

73 1995 197 2032 solum
225 1996 407 2034 incendio*
433 1997 546 2043 viam,
566 1997 643 2042 sed,
665 1997 830 2034 flammis
859 1998 898 2034 in
923 2005 1046 2035 eastra
1073 1998 1329 2043 tendentibus,

72 2072 214 2108 vapore
233 2061 349 2098 etiam
369 2074 414 2099 ac
430 2062 537 2099 fumo
554 2062 777 2111 crepituque
793 2062 919 2099 viridis
939 2063 1118 2100 materiae
1135 2062 1329 2112 flagrantis

73 2126 125 2162 ita
144 2128 399 2165 consternavit
414 2127 556 2174 hostes,
569 2135 611 2165 ut
630 2128 756 2165 minor
771 2128 894 2165 moles
909 2129 1178 2177 superantibus
1189 2128 1330 2165 vallum

72 2190 112 2226 in
132 2197 255 2229 castra
274 2191 505 2230 Volscorum
526 2193 714 2230 Romanis
739 2192 861 2238 fuerit,
882 2205 1000 2242 quam
1027 2194 1329 2231 transcendenti-

73 2256 145 2293 bus
170 2268 325 2306 saepem
351 2258 530 2296 incendio
557 2259 802 2308 absumptam
830 2257 962 2296 suerat.
1019 2258 1130 2296 Fusis
1156 2259 1328 2298 hostibus
1344 2266 1384 2295 12
