1637 2554
379 126 420 157 L.
443 124 672 156 MANLIUS
699 121 1010 154 IMPERIOSUS.
1250 123 1267 151 Ι
1277 121 1327 165 73

79 275 94 310 §
117 281 143 302 1.
174 271 205 302 T
201 271 238 302 ltc
254 280 372 311 young
390 269 546 300 Manlius
559 267 645 299 lakes
666 268 719 298 his
731 267 876 308 sallicr‘s
893 270 983 307 part,
1003 264 1075 296 and
1082 263 1256 305 sriglzlcns
1278 263 1330 293 the
1343 267 1426 296 nc.
1443 267 1531 295 362.

169 323 314 354 Tribmte
334 322 402 352 into
418 320 631 360 abandoning
644 319 695 349 his
710 319 905 349 accusation.
976 321 991 355 §
1009 327 1039 358 9.
1071 316 1172 346 ll'lzcn
1197 325 1279 345 some
1299 314 1340 355 of

163 374 215 405 the
236 374 269 405 T
265 373 397 403 ribuncs
414 373 450 402 in
467 372 519 402 the
534 381 631 411 army
645 381 711 408 arc,
729 380 803 401 now
816 370 877 411 sor
893 369 945 400 tlte
956 367 1041 410 first
1061 368 1148 403 time,
1164 366 1278 398 elected
1295 366 1333 406 hy

164 426 216 456 llic
226 425 344 466 peoplc‚
363 424 400 454 lte
417 423 445 454 is
459 422 572 453 second
584 433 624 452 on
641 422 693 452 llic
709 422 775 452 list.

133 497 320 536 Omnium
340 496 466 545 potius
488 494 544 531 his
566 494 895 531 criminationibus
915 505 1031 543 quam
1052 492 1169 542 ipsius
1189 490 1333 527 iuvenis
1349 495 1365 524 1
1396 490 1468 523 Ch.
1486 489 1523 521 5.

79 564 241 602 irritatus
278 569 335 599 est
373 561 547 605 animus;
597 561 689 608 quin
728 567 872 604 contra,
912 571 950 596 se
989 569 1144 607 quoque
1188 555 1334 606 parenti

80 640 238 667 causam
267 627 430 664 invidiae
459 636 572 674 atque
604 625 808 662 criminum
838 636 934 668 esse,
966 635 1079 673 aegre
1111 633 1260 672 passus,
1293 623 1365 657 ut2

79 706 216 733 omnes
251 693 289 730 di
327 692 581 739 hominesque
621 691 772 735 scirent,
806 702 846 727 se
884 689 1031 738 parenti
1067 699 1181 737 opem
1220 687 1335 724 latam

81 770 198 809 quam
228 757 388 794 inimicis
416 756 496 793 eius
531 755 655 800 malle,
686 755 786 804 capit
817 754 1019 792 consilium
1048 754 1151 790 rudis
1182 751 1336 801 quidem

81 833 196 873 atque
216 822 374 872 agrestis
402 821 531 865 animi,
553 821 630 866 sed,
652 832 875 870 quanquam
904 832 984 856 non
1014 819 1130 856 civilis
1157 817 1336 867 exempli,

82 897 213 928 tamen
260 888 399 938 pietate
446 886 645 924 laudabile.
723 886 979 923 Inscientibus
1019 885 1177 930 cunctis,
1217 883 1369 921 cultro-‘3

83 955 302 991 succinctus
335 965 450 989 mane
484 953 523 988 in
557 952 692 988 urbem
722 961 836 1000 atque
866 963 888 987 a
916 957 1027 999 porta
1056 950 1215 987 domum
1246 959 1338 986 con-

84 1019 208 1056 festim
228 1018 278 1055 ad
303 1017 356 1055 M.
379 1017 639 1066 Pomponium
666 1017 862 1054 tribunum
882 1016 1004 1065 pergit
1018 1028 1027 1061 ;
1058 1015 1221 1059 ianitori,
1242 1025 1339 1062 opus

84 1096 167 1122 esse
198 1084 268 1121 sibi
297 1083 460 1120 domino
485 1083 565 1120 eius
585 1090 776 1120 convento
803 1082 1010 1130 externplo,
1035 1081 1084 1118 ait
1099 1093 1108 1127 ;
1139 1081 1339 1122 nuntiaret,

86 1149 136 1186 T.
171 1148 360 1185 Manlium
395 1147 439 1184 L.
473 1148 593 1184 filium
625 1159 720 1184 esse.
778 1146 876 1184 Mox
913 1146 1149 1184 introductus
1183 1144 1372 1195 (etenim4

85 1215 272 1264 percitum
293 1214 346 1250 ira
365 1214 403 1250 in
431 1221 578 1262 patrem
601 1225 688 1262 spes
708 1220 786 1250 erat
807 1219 871 1249 aut
892 1213 1060 1249 criminis
1084 1211 1225 1261 aliquid
1252 1211 1340 1248 novi

86 1287 151 1317 aut
172 1279 318 1317 consilii
339 1279 388 1316 ad
419 1291 500 1315 rem
528 1278 720 1327 agendam
741 1277 911 1328 deferre),
933 1278 1051 1314 salute
1071 1284 1229 1326 accepta
1255 1276 1339 1313 red-

88 1345 254 1394 ditaque,
276 1356 359 1382 esse
381 1344 442 1389 ait,
463 1343 562 1392 qua'e
584 1355 672 1380 cum
694 1355 741 1380 eo
763 1355 874 1392 agere
895 1343 1040 1379 arbitris
1066 1343 1222 1380 remotis
1241 1341 1340 1378 velit.

89 1409 228 1447 Procul
249 1409 338 1446 inde
359 1409 541 1446 omnibus
562 1408 664 1445 abire
685 1408 806 1453 iussis,
821 1408 985 1444 cultrum
1006 1408 1153 1456 stringit
1174 1414 1210 1444 et
1229 1419 1342 1456 super
1355 1416 1373 1446 5

87 1474 227 1512 lectum
257 1481 361 1511 stans
390 1473 490 1510 ferro
520 1474 678 1518 intento,
704 1473 774 1509 nisi
804 1473 844 1509 in
871 1485 967 1522 quae
996 1473 1076 1521 ipse
1103 1473 1342 1521 concepisset

88 1540 203 1576 verba
236 1539 385 1584 iuraret,
416 1551 456 1576 se
486 1539 604 1587 patris
632 1539 713 1575 eius
748 1538 956 1575 accusandi
990 1549 1104 1575 causa
1137 1537 1342 1574 concilium

88 1604 210 1654 plebis
230 1616 429 1653 nunquam
449 1603 679 1648 habiturum,
696 1616 735 1640 se
751 1615 839 1640 eum
859 1603 1053 1652 extemplo
1072 1602 1342 1639 transfixurum

87 1670 266 1722 minatur.
337 1668 500 1705 Pax-idus
546 1669 733 1713 tribunus,
775 1668 917 1717 quippe
957 1668 1022 1716 qui
1068 1667 1209 1704 ferrum
1255 1675 1342 1704 ante
1357 1677 1376 1707 6

88 1734 221 1772 oculos
254 1733 407 1777 micare,
446 1745 486 1770 se
526 1733 664 1778 solum,
704 1733 902 1778 inermem,
941 1732 1047 1769 illum
1084 1732 1343 1782 praevalidum

88 1799 266 1836 iuvenem
306 1804 352 1843 et,
385 1798 491 1847 quod
529 1798 631 1835 haud
669 1798 798 1835 minus
837 1797 1050 1835 timendum
1084 1805 1175 1842 erat,
1210 1798 1344 1836 stolide

87 1864 255 1902 ferocem
275 1863 418 1901 viribus
443 1863 520 1900 suis
541 1870 723 1908 cerneret,
744 1863 891 1900 adiurat
917 1863 956 1900 in
983 1875 1081 1912 quae
1109 1863 1266 1902 adactus
1289 1871 1345 1901 est

88 1930 215 1975 verba,
234 1936 272 1966 et
300 1941 393 1978 prae
422 1940 462 1966 se
483 1929 621 1966 deinde
646 1928 739 1973 tulit,
760 1941 807 1965 ea
825 1929 861 1965 vi
890 1929 1092 1966 subactum
1123 1941 1161 1966 se
1191 1930 1345 1978 incepto

90 1994 292 2032 destitisse.
349 1993 445 2040 Nec,
465 1993 624 2043 perinde
644 2000 686 2030 ut
707 1993 901 2031 maluisset
920 1993 1063 2043 plebes,
1085 1995 1155 2031 sibi
1176 1994 1344 2044 suffragii
1358 1997 1377 2029 7

89 2059 236 2097 ferendi
257 2059 304 2097 de
324 2066 404 2096 tam
424 2059 565 2097 crudeli
585 2066 622 2096 et
646 2060 812 2108 superbo
840 2071 906 2097 reo
932 2067 1161 2109 potestatem
1181 2060 1272 2105 fieri,
1294 2062 1345 2098 ita

90 2137 206 2174 aegre
239 2124 380 2170 habuit,
413 2125 533 2162 filiurn
571 2124 610 2161 id
647 2136 718 2173 pro
756 2131 914 2173 parente
948 2136 1106 2171 ausum;
1148 2137 1271 2175 eoque
1305 2126 1343 2163 id

91 2189 316 2226 laudabilius
340 2196 431 2235 erat,
452 2188 559 2238 quod
585 2189 757 2226 animum
776 2189 857 2226 eius
876 2196 982 2227 tanta
1006 2190 1194 2228 acerbitas
1221 2191 1343 2238 patria

91 2252 186 2291 nihil
204 2264 227 2289 a
246 2253 385 2302 pietate
405 2254 610 2291 avertisset.
668 2253 802 2304 Itaque
826 2265 906 2292 non
931 2255 1028 2304 patri
1049 2255 1168 2292 modo
1186 2255 1342 2292 remissa
1357 2259 1375 2289 8
