<?xml version="1.0" encoding="UTF-8"?>
<!DOCTYPE html PUBLIC "-//W3C//DTD XHTML 1.0 Transitional//EN"
    "http://www.w3.org/TR/xhtml1/DTD/xhtml1-transitional.dtd">
<html xmlns="http://www.w3.org/1999/xhtml" xml:lang="en" lang="en">
 <head>
  <title>
</title>
<meta http-equiv="Content-Type" content="text/html;charset=utf-8" />
  <meta name='ocr-system' content='tesseract 3.04.00' />
  <meta name='ocr-capabilities' content='ocr_page ocr_carea ocr_par ocr_line ocrx_word'/>
</head>
<body>
  <div class='ocr_page' id='page_1' title='image "./booksvvivii00livyuoft_0053.png"; bbox 0 0 1582 2543; ppageno 0'>
   <div class='ocr_carea' id='block_1_1' title="bbox 321 145 1341 192">
    <p class='ocr_par' dir='ltr' id='par_1_1' title="bbox 321 145 1341 192">
     <span class='ocr_line' id='line_1_1' title="bbox 321 145 1341 192; baseline 0 -15"><span class='ocrx_word' id='word_1_1' title='bbox 321 145 523 178; x_wconf 86' lang='lat' dir='ltr'><em>SPEECH</em></span> <span class='ocrx_word' id='word_1_2' title='bbox 547 145 611 178; x_wconf 86' lang='lat' dir='ltr'>OF</span> <span class='ocrx_word' id='word_1_3' title='bbox 635 145 814 178; x_wconf 83' lang='lat' dir='ltr'><em>APPIUS</em></span> <span class='ocrx_word' id='word_1_4' title='bbox 844 145 1099 177; x_wconf 80' lang='lat' dir='ltr'><em>CLAUDIUS.</em></span> <span class='ocrx_word' id='word_1_5' title='bbox 1288 151 1341 192; x_wconf 82' lang='lat'>39</span> 
     </span>
    </p>
   </div>
   <div class='ocr_carea' id='block_1_2' title="bbox 82 249 1550 317">
    <p class='ocr_par' dir='ltr' id='par_1_2' title="bbox 82 249 1550 317">
     <span class='ocr_line' id='line_1_2' title="bbox 82 249 1550 317; baseline 0.001 -26"><span class='ocrx_word' id='word_1_6' title='bbox 82 253 302 291; x_wconf 87' lang='lat' dir='ltr'>consultum</span> <span class='ocrx_word' id='word_1_7' title='bbox 322 258 479 301; x_wconf 88' lang='lat' dir='ltr'>repente</span> <span class='ocrx_word' id='word_1_8' title='bbox 499 249 655 317; x_wconf 45' lang='lat' dir='ltr'>voluntsslf</span> <span class='ocrx_word' id='word_1_9' title='bbox 664 252 776 301; x_wconf 88' lang='lat' dir='ltr'>quale</span> <span class='ocrx_word' id='word_1_10' title='bbox 796 253 877 289; x_wconf 89' lang='lat' dir='ltr'>est?</span> <span class='ocrx_word' id='word_1_11' title='bbox 934 251 1088 289; x_wconf 89' lang='lat' dir='ltr'>Vallum</span> <span class='ocrx_word' id='word_1_12' title='bbox 1111 251 1343 302; x_wconf 84' lang='lat' dir='ltr'>fossamque,</span> <span class='ocrx_word' id='word_1_13' title='bbox 1359 262 1441 290; x_wconf 61' lang='lat' dir='ltr'>Ec.</span> <span class='ocrx_word' id='word_1_14' title='bbox 1459 262 1550 292; x_wconf 78' lang='lat'>403.</span> 
     </span>
    </p>
   </div>
   <div class='ocr_carea' id='block_1_3' title="bbox 81 300 1375 368">
    <p class='ocr_par' dir='ltr' id='par_1_3' title="bbox 81 300 1375 368">
     <span class='ocr_line' id='line_1_3' title="bbox 81 300 1375 368; baseline -0.002 -12"><span class='ocrx_word' id='word_1_15' title='bbox 81 320 246 368; x_wconf 84' lang='lat' dir='ltr'>ingentis</span> <span class='ocrx_word' id='word_1_16' title='bbox 266 326 467 368; x_wconf 86' lang='lat' dir='ltr'>utramque</span> <span class='ocrx_word' id='word_1_17' title='bbox 481 300 570 355; x_wconf 37' lang='lat' dir='ltr'>‘feam</span> <span class='ocrx_word' id='word_1_18' title='bbox 590 303 728 367; x_wconf 51' lang='lat' dir='ltr'>officiis,</span> <span class='ocrx_word' id='word_1_19' title='bbox 745 330 813 367; x_wconf 92' lang='lat' dir='ltr'>per</span> <span class='ocrx_word' id='word_1_20' title='bbox 829 324 977 354; x_wconf 88' lang='lat' dir='ltr'>tantum</span> <span class='ocrx_word' id='word_1_21' title='bbox 999 318 1110 366; x_wconf 84' lang='lat' dir='ltr'>spatii</span> <span class='ocrx_word' id='word_1_22' title='bbox 1132 317 1319 355; x_wconf 86' lang='lat' dir='ltr'>duxerunt</span> <span class='ocrx_word' id='word_1_23' title='bbox 1333 331 1341 364; x_wconf 77' lang='lat'><em>3</em></span> <span class='ocrx_word' id='word_1_24' title='bbox 1357 329 1375 359; x_wconf 88' lang='lat'>5</span> 
     </span>
    </p>
   </div>
   <div class='ocr_carea' id='block_1_4' title="bbox 79 383 1374 1021">
    <p class='ocr_par' dir='ltr' id='par_1_4' title="bbox 79 383 1374 1021">
     <span class='ocr_line' id='line_1_4' title="bbox 82 383 1344 434; baseline -0.002 -12"><span class='ocrx_word' id='word_1_25' title='bbox 82 385 235 422; x_wconf 85' lang='lat' dir='ltr'>castella</span> <span class='ocrx_word' id='word_1_26' title='bbox 265 385 388 434; x_wconf 91' lang='lat' dir='ltr'>primo</span> <span class='ocrx_word' id='word_1_27' title='bbox 418 395 554 434; x_wconf 87' lang='lat' dir='ltr'>pauca,</span> <span class='ocrx_word' id='word_1_28' title='bbox 584 390 727 433; x_wconf 86' lang='lat' dir='ltr'>postea,</span> <span class='ocrx_word' id='word_1_29' title='bbox 757 384 924 420; x_wconf 86' lang='lat' dir='ltr'>exercitu</span> <span class='ocrx_word' id='word_1_30' title='bbox 959 390 1085 428; x_wconf 91' lang='lat' dir='ltr'>aucto,</span> <span class='ocrx_word' id='word_1_31' title='bbox 1114 383 1344 420; x_wconf 84' lang='lat' dir='ltr'>creberrima</span> 
     </span>
     <span class='ocr_line' id='line_1_5' title="bbox 81 447 1343 497; baseline -0.001 -10"><span class='ocrx_word' id='word_1_32' title='bbox 81 450 249 488; x_wconf 88' lang='lat' dir='ltr'>fecerunt</span> <span class='ocrx_word' id='word_1_33' title='bbox 265 464 274 497; x_wconf 86' lang='lat'>;</span> <span class='ocrx_word' id='word_1_34' title='bbox 296 450 528 486; x_wconf 82' lang='lat' dir='ltr'>munitiones</span> <span class='ocrx_word' id='word_1_35' title='bbox 548 461 627 486; x_wconf 92' lang='lat' dir='ltr'>non</span> <span class='ocrx_word' id='word_1_36' title='bbox 648 449 686 484; x_wconf 90' lang='lat' dir='ltr'>in</span> <span class='ocrx_word' id='word_1_37' title='bbox 707 449 841 486; x_wconf 90' lang='lat' dir='ltr'>urbem</span> <span class='ocrx_word' id='word_1_38' title='bbox 862 448 993 495; x_wconf 89' lang='lat' dir='ltr'>modo,</span> <span class='ocrx_word' id='word_1_39' title='bbox 1008 448 1075 485; x_wconf 91' lang='lat' dir='ltr'>sed</span> <span class='ocrx_word' id='word_1_40' title='bbox 1091 449 1129 484; x_wconf 91' lang='lat' dir='ltr'>in</span> <span class='ocrx_word' id='word_1_41' title='bbox 1149 447 1343 486; x_wconf 85' lang='lat' dir='ltr'><strong>Etruriam</strong></span> 
     </span>
     <span class='ocr_line' id='line_1_6' title="bbox 80 514 1342 564; baseline -0.002 -11"><span class='ocrx_word' id='word_1_42' title='bbox 80 516 196 553; x_wconf 87' lang='lat' dir='ltr'>etiam</span> <span class='ocrx_word' id='word_1_43' title='bbox 223 521 450 564; x_wconf 82' lang='lat' dir='ltr'>spectantes,</span> <span class='ocrx_word' id='word_1_44' title='bbox 473 515 503 551; x_wconf 88' lang='lat' dir='ltr'>si</span> <span class='ocrx_word' id='word_1_45' title='bbox 530 526 606 563; x_wconf 87' lang='lat' dir='ltr'>qua</span> <span class='ocrx_word' id='word_1_46' title='bbox 634 514 722 551; x_wconf 92' lang='lat' dir='ltr'>inde</span> <span class='ocrx_word' id='word_1_47' title='bbox 750 514 890 551; x_wconf 85' lang='lat' dir='ltr'>auxilia</span> <span class='ocrx_word' id='word_1_48' title='bbox 916 515 1082 559; x_wconf 80' lang='lat' dir='ltr'>veniant,</span> <span class='ocrx_word' id='word_1_49' title='bbox 1104 526 1318 563; x_wconf 89' lang='lat' dir='ltr'>opposuere</span> <span class='ocrx_word' id='word_1_50' title='bbox 1332 527 1342 559; x_wconf 85' lang='lat'>;</span> 
     </span>
     <span class='ocr_line' id='line_1_7' title="bbox 81 578 1374 629; baseline -0.001 -13"><span class='ocrx_word' id='word_1_51' title='bbox 81 580 173 629; x_wconf 89' lang='lat' dir='ltr'>quid</span> <span class='ocrx_word' id='word_1_52' title='bbox 204 586 336 624; x_wconf 90' lang='lat' dir='ltr'>turres,</span> <span class='ocrx_word' id='word_1_53' title='bbox 362 578 455 628; x_wconf 86' lang='lat' dir='ltr'>quid</span> <span class='ocrx_word' id='word_1_54' title='bbox 485 579 615 616; x_wconf 87' lang='lat' dir='ltr'>vineas</span> <span class='ocrx_word' id='word_1_55' title='bbox 649 579 936 628; x_wconf 76' lang='lat' dir='ltr'>testudinesque</span> <span class='ocrx_word' id='word_1_56' title='bbox 970 585 1006 616; x_wconf 89' lang='lat' dir='ltr'>et</span> <span class='ocrx_word' id='word_1_57' title='bbox 1040 579 1157 615; x_wconf 90' lang='lat' dir='ltr'>alium</span> <span class='ocrx_word' id='word_1_58' title='bbox 1190 590 1374 627; x_wconf 70' lang='lat' dir='ltr'>oppug-(3</span> 
     </span>
     <span class='ocr_line' id='line_1_8' title="bbox 81 642 1341 693; baseline -0.001 -13"><span class='ocrx_word' id='word_1_59' title='bbox 81 644 296 681; x_wconf 87' lang='lat' dir='ltr'>nandarum</span> <span class='ocrx_word' id='word_1_60' title='bbox 334 644 487 680; x_wconf 91' lang='lat' dir='ltr'>urbium</span> <span class='ocrx_word' id='word_1_61' title='bbox 531 651 759 692; x_wconf 86' lang='lat' dir='ltr'>apparatum</span> <span class='ocrx_word' id='word_1_62' title='bbox 797 643 957 693; x_wconf 88' lang='lat' dir='ltr'>loquar?</span> <span class='ocrx_word' id='word_1_63' title='bbox 1014 642 1149 689; x_wconf 89' lang='lat' dir='ltr'>Quum</span> <span class='ocrx_word' id='word_1_64' title='bbox 1193 649 1341 680; x_wconf 88' lang='lat' dir='ltr'>tantum</span> 
     </span>
     <span class='ocr_line' id='line_1_9' title="bbox 79 709 1342 758; baseline -0.001 -12"><span class='ocrx_word' id='word_1_65' title='bbox 79 710 221 747; x_wconf 91' lang='lat' dir='ltr'>laboris</span> <span class='ocrx_word' id='word_1_66' title='bbox 259 709 487 746; x_wconf 83' lang='lat' dir='ltr'>exhaustum</span> <span class='ocrx_word' id='word_1_67' title='bbox 528 710 575 746; x_wconf 89' lang='lat' dir='ltr'>sit</span> <span class='ocrx_word' id='word_1_68' title='bbox 608 717 645 746; x_wconf 90' lang='lat' dir='ltr'>et</span> <span class='ocrx_word' id='word_1_69' title='bbox 684 709 732 746; x_wconf 90' lang='lat' dir='ltr'>ad</span> <span class='ocrx_word' id='word_1_70' title='bbox 767 709 884 746; x_wconf 88' lang='lat' dir='ltr'>finem</span> <span class='ocrx_word' id='word_1_71' title='bbox 918 709 995 746; x_wconf 88' lang='lat' dir='ltr'>iam</span> <span class='ocrx_word' id='word_1_72' title='bbox 1026 709 1152 758; x_wconf 90' lang='lat' dir='ltr'>operis</span> <span class='ocrx_word' id='word_1_73' title='bbox 1185 709 1342 746; x_wconf 90' lang='lat' dir='ltr'>tandem</span> 
     </span>
     <span class='ocr_line' id='line_1_10' title="bbox 82 758 1341 827; baseline 0 -16"><span class='ocrx_word' id='word_1_74' title='bbox 82 782 316 824; x_wconf 89' lang='lat' dir='ltr'>perventum,</span> <span class='ocrx_word' id='word_1_75' title='bbox 342 775 641 824; x_wconf 79' lang='lat' dir='ltr'>relinquendane</span> <span class='ocrx_word' id='word_1_76' title='bbox 673 775 769 812; x_wconf 83' lang='lat' dir='ltr'>haec</span> <span class='ocrx_word' id='word_1_77' title='bbox 799 775 972 820; x_wconf 88' lang='lat' dir='ltr'>censetis,</span> <span class='ocrx_word' id='word_1_78' title='bbox 999 758 1130 827; x_wconf 18' lang='lat' dir='ltr'>uflds&#39;ad</span> <span class='ocrx_word' id='word_1_79' title='bbox 1159 782 1341 812; x_wconf 84' lang='lat' dir='ltr'>aestatem</span> 
     </span>
     <span class='ocr_line' id='line_1_11' title="bbox 83 840 1339 909; baseline -0.001 -32"><span class='ocrx_word' id='word_1_80' title='bbox 83 852 211 878; x_wconf 86' lang='lat' dir='ltr'>rursus</span> <span class='ocrx_word' id='word_1_81' title='bbox 237 853 358 878; x_wconf 89' lang='lat' dir='ltr'>novus</span> <span class='ocrx_word' id='word_1_82' title='bbox 383 841 430 878; x_wconf 92' lang='lat' dir='ltr'>de</span> <span class='ocrx_word' id='word_1_83' title='bbox 455 841 604 890; x_wconf 85' lang='lat' dir='ltr'>integro</span> <span class='ocrx_word' id='word_1_84' title='bbox 631 841 689 878; x_wconf 89' lang='lat' dir='ltr'>his</span> <span class='ocrx_word' id='word_1_85' title='bbox 711 841 956 909; x_wconf 56' lang='lat' dir='ltr'>injtituendis</span> <span class='ocrx_word' id='word_1_86' title='bbox 981 840 1186 877; x_wconf 83' lang='lat' dir='ltr'>exsudetur</span> <span class='ocrx_word' id='word_1_87' title='bbox 1206 840 1339 878; x_wconf 90' lang='lat' dir='ltr'>labor?</span> 
     </span>
     <span class='ocr_line' id='line_1_12' title="bbox 82 894 1372 965; baseline 0.002 -22"><span class='ocrx_word' id='word_1_88' title='bbox 82 905 240 952; x_wconf 88' lang='lat' dir='ltr'>Quanto</span> <span class='ocrx_word' id='word_1_89' title='bbox 277 913 333 965; x_wconf 51' lang='lat' dir='ltr'>esst</span> <span class='ocrx_word' id='word_1_90' title='bbox 364 907 492 957; x_wconf 79' lang='lat' dir='ltr'>minus</span> <span class='ocrx_word' id='word_1_91' title='bbox 522 918 640 955; x_wconf 91' lang='lat' dir='ltr'>opera</span> <span class='ocrx_word' id='word_1_92' title='bbox 654 894 899 943; x_wconf 53' lang='lat' dir='ltr'>&#39;&#39;ffierffaeta</span> <span class='ocrx_word' id='word_1_93' title='bbox 932 912 969 943; x_wconf 92' lang='lat' dir='ltr'>et</span> <span class='ocrx_word' id='word_1_94' title='bbox 1002 907 1142 943; x_wconf 88' lang='lat' dir='ltr'>instare</span> <span class='ocrx_word' id='word_1_95' title='bbox 1177 918 1222 943; x_wconf 88' lang='lat' dir='ltr'>ac</span> <span class='ocrx_word' id='word_1_96' title='bbox 1253 914 1372 955; x_wconf 86' lang='lat' dir='ltr'>per-7</span> 
     </span>
     <span class='ocr_line' id='line_1_13' title="bbox 80 960 1340 1021; baseline 0 -12"><span class='ocrx_word' id='word_1_97' title='bbox 80 984 250 1009; x_wconf 84' lang='lat' dir='ltr'>severare</span> <span class='ocrx_word' id='word_1_98' title='bbox 277 960 508 1021; x_wconf 52' lang='lat' dir='ltr'>de&#39;f&#39;dh&#39;gjgique</span> <span class='ocrx_word' id='word_1_99' title='bbox 534 984 626 1009; x_wconf 83' lang='lat' dir='ltr'>cura</span> <span class='ocrx_word' id='word_1_100' title='bbox 652 972 778 1009; x_wconf 71' lang='lat' dir='ltr'>brevi?</span> <span class='ocrx_word' id='word_1_101' title='bbox 807 972 931 1009; x_wconf 78' lang='lat' dir='ltr'>brevis</span> <span class='ocrx_word' id='word_1_102' title='bbox 957 973 1060 1009; x_wconf 91' lang='lat' dir='ltr'>enim</span> <span class='ocrx_word' id='word_1_103' title='bbox 1086 971 1260 1021; x_wconf 88' lang='lat' dir='ltr'>profecto</span> <span class='ocrx_word' id='word_1_104' title='bbox 1281 984 1340 1009; x_wconf 91' lang='lat' dir='ltr'>res</span> 
     </span>
    </p>
   </div>
   <div class='ocr_carea' id='block_1_5' title="bbox 80 1034 1505 1087">
    <p class='ocr_par' dir='ltr' id='par_1_5' title="bbox 80 1034 1505 1087">
     <span class='ocr_line' id='line_1_14' title="bbox 80 1034 1505 1087; baseline -0.001 -12"><span class='ocrx_word' id='word_1_105' title='bbox 80 1045 147 1084; x_wconf 88' lang='lat' dir='ltr'>est,</span> <span class='ocrx_word' id='word_1_106' title='bbox 175 1038 205 1075; x_wconf 90' lang='lat' dir='ltr'>si</span> <span class='ocrx_word' id='word_1_107' title='bbox 239 1049 318 1074; x_wconf 86' lang='lat' dir='ltr'>uno</span> <span class='ocrx_word' id='word_1_108' title='bbox 352 1046 483 1074; x_wconf 90' lang='lat' dir='ltr'>tenore</span> <span class='ocrx_word' id='word_1_109' title='bbox 514 1038 707 1087; x_wconf 84' lang='lat' dir='ltr'>peragitur</span> <span class='ocrx_word' id='word_1_110' title='bbox 733 1050 804 1075; x_wconf 89' lang='lat' dir='ltr'>nec</span> <span class='ocrx_word' id='word_1_111' title='bbox 836 1038 909 1086; x_wconf 90' lang='lat' dir='ltr'>ipsi</span> <span class='ocrx_word' id='word_1_112' title='bbox 942 1050 1010 1087; x_wconf 89' lang='lat' dir='ltr'>per</span> <span class='ocrx_word' id='word_1_113' title='bbox 1040 1037 1341 1074; x_wconf 82' lang='lat' dir='ltr'>intermissiones</span> <span class='ocrx_word' id='word_1_114' title='bbox 1362 1034 1505 1065; x_wconf 30' lang='lat'>9²²⁴&amp;</span> 
     </span>
    </p>
   </div>
   <div class='ocr_carea' id='block_1_6' title="bbox 75 1101 1394 2328">
    <p class='ocr_par' dir='ltr' id='par_1_6' title="bbox 75 1101 1394 2328">
     <span class='ocr_line' id='line_1_15' title="bbox 79 1101 1389 1151; baseline 0 -11"><span class='ocrx_word' id='word_1_115' title='bbox 79 1102 149 1140; x_wconf 89' lang='lat' dir='ltr'>has</span> <span class='ocrx_word' id='word_1_116' title='bbox 200 1102 471 1151; x_wconf 86' lang='lat' dir='ltr'>intervallaque</span> <span class='ocrx_word' id='word_1_117' title='bbox 523 1102 724 1140; x_wconf 88' lang='lat' dir='ltr'>lentiorem</span> <span class='ocrx_word' id='word_1_118' title='bbox 781 1114 890 1151; x_wconf 89' lang='lat' dir='ltr'>spem</span> <span class='ocrx_word' id='word_1_119' title='bbox 946 1108 1116 1140; x_wconf 88' lang='lat' dir='ltr'>nostram</span> <span class='ocrx_word' id='word_1_120' title='bbox 1166 1101 1339 1140; x_wconf 81' lang='lat' dir='ltr'>facimus.</span> <span class='ocrx_word' id='word_1_121' title='bbox 1386 1125 1389 1127; x_wconf 92' lang='lat'>·</span> 
     </span>
     <span class='ocr_line' id='line_1_16' title="bbox 80 1167 1373 1217; baseline -0.001 -12"><span class='ocrx_word' id='word_1_122' title='bbox 80 1167 239 1217; x_wconf 89' lang='lat' dir='ltr'>Loquor</span> <span class='ocrx_word' id='word_1_123' title='bbox 265 1169 312 1205; x_wconf 92' lang='lat' dir='ltr'>de</span> <span class='ocrx_word' id='word_1_124' title='bbox 339 1181 456 1217; x_wconf 89' lang='lat' dir='ltr'>opere</span> <span class='ocrx_word' id='word_1_125' title='bbox 481 1175 520 1205; x_wconf 91' lang='lat' dir='ltr'>et</span> <span class='ocrx_word' id='word_1_126' title='bbox 546 1168 592 1205; x_wconf 90' lang='lat' dir='ltr'>de</span> <span class='ocrx_word' id='word_1_127' title='bbox 613 1168 796 1217; x_wconf 91' lang='lat' dir='ltr'>temporis</span> <span class='ocrx_word' id='word_1_128' title='bbox 817 1168 986 1215; x_wconf 84' lang='lat' dir='ltr'>iactura3</span> <span class='ocrx_word' id='word_1_129' title='bbox 1020 1167 1136 1217; x_wconf 87' lang='lat' dir='ltr'>quid?</span> <span class='ocrx_word' id='word_1_130' title='bbox 1171 1167 1373 1217; x_wconf 80' lang='lat' dir='ltr'>periculi‚8</span> 
     </span>
     <span class='ocr_line' id='line_1_17' title="bbox 78 1233 1341 1283; baseline -0.001 -12"><span class='ocrx_word' id='word_1_131' title='bbox 78 1234 184 1283; x_wconf 92' lang='lat' dir='ltr'>quod</span> <span class='ocrx_word' id='word_1_132' title='bbox 225 1233 435 1271; x_wconf 84' lang='lat' dir='ltr'>differendo</span> <span class='ocrx_word' id='word_1_133' title='bbox 474 1233 574 1271; x_wconf 90' lang='lat' dir='ltr'>bello</span> <span class='ocrx_word' id='word_1_134' title='bbox 608 1234 769 1280; x_wconf 89' lang='lat' dir='ltr'>adimus,</span> <span class='ocrx_word' id='word_1_135' title='bbox 800 1245 893 1269; x_wconf 90' lang='lat' dir='ltr'>num</span> <span class='ocrx_word' id='word_1_136' title='bbox 933 1233 1103 1269; x_wconf 87' lang='lat' dir='ltr'>oblivisci</span> <span class='ocrx_word' id='word_1_137' title='bbox 1137 1245 1207 1270; x_wconf 90' lang='lat' dir='ltr'>nos</span> <span class='ocrx_word' id='word_1_138' title='bbox 1246 1233 1341 1270; x_wconf 88' lang='lat' dir='ltr'>haec</span> 
     </span>
     <span class='ocr_line' id='line_1_18' title="bbox 79 1297 1341 1336; baseline -0.002 0"><span class='ocrx_word' id='word_1_139' title='bbox 79 1306 160 1336; x_wconf 87' lang='lat' dir='ltr'>tam</span> <span class='ocrx_word' id='word_1_140' title='bbox 196 1299 329 1336; x_wconf 87' lang='lat' dir='ltr'>crebra</span> <span class='ocrx_word' id='word_1_141' title='bbox 358 1297 531 1335; x_wconf 85' lang='lat' dir='ltr'>Etruriae</span> <span class='ocrx_word' id='word_1_142' title='bbox 561 1298 722 1335; x_wconf 87' lang='lat' dir='ltr'>concilia</span> <span class='ocrx_word' id='word_1_143' title='bbox 751 1298 796 1334; x_wconf 88' lang='lat' dir='ltr'>de</span> <span class='ocrx_word' id='word_1_144' title='bbox 826 1298 1018 1335; x_wconf 87' lang='lat' dir='ltr'>mittendis</span> <span class='ocrx_word' id='word_1_145' title='bbox 1039 1297 1158 1335; x_wconf 79' lang='lat' dir='ltr'>Veios</span> <span class='ocrx_word' id='word_1_146' title='bbox 1191 1298 1341 1334; x_wconf 80' lang='lat' dir='ltr'>auxiliis</span> 
     </span>
     <span class='ocr_line' id='line_1_19' title="bbox 79 1363 1371 1414; baseline 0.002 -13"><span class='ocrx_word' id='word_1_147' title='bbox 79 1365 300 1414; x_wconf 89' lang='lat' dir='ltr'>patiuntur?</span> <span class='ocrx_word' id='word_1_148' title='bbox 357 1363 409 1400; x_wconf 91' lang='lat' dir='ltr'>Ut</span> <span class='ocrx_word' id='word_1_149' title='bbox 430 1376 532 1401; x_wconf 86' lang='lat' dir='ltr'>nunc</span> <span class='ocrx_word' id='word_1_150' title='bbox 553 1376 611 1400; x_wconf 89' lang='lat' dir='ltr'>res</span> <span class='ocrx_word' id='word_1_151' title='bbox 640 1375 680 1400; x_wconf 85' lang='lat' dir='ltr'>se</span> <span class='ocrx_word' id='word_1_152' title='bbox 707 1363 831 1408; x_wconf 89' lang='lat' dir='ltr'>habet,</span> <span class='ocrx_word' id='word_1_153' title='bbox 853 1363 936 1400; x_wconf 89' lang='lat' dir='ltr'>irati</span> <span class='ocrx_word' id='word_1_154' title='bbox 957 1370 1055 1408; x_wconf 88' lang='lat' dir='ltr'>sunt,</span> <span class='ocrx_word' id='word_1_155' title='bbox 1075 1363 1249 1409; x_wconf 87' lang='lat' dir='ltr'>oderunt,</span> <span class='ocrx_word' id='word_1_156' title='bbox 1271 1376 1338 1400; x_wconf 88' lang='lat' dir='ltr'>ne·</span> <span class='ocrx_word' id='word_1_157' title='bbox 1353 1376 1371 1403; x_wconf 81' lang='lat'>9</span> 
     </span>
     <span class='ocr_line' id='line_1_20' title="bbox 79 1427 1339 1480; baseline -0.002 -14"><span class='ocrx_word' id='word_1_158' title='bbox 79 1437 171 1480; x_wconf 87' lang='lat' dir='ltr'>gant</span> <span class='ocrx_word' id='word_1_159' title='bbox 200 1430 406 1474; x_wconf 81' lang='lat' dir='ltr'>missur0s3</span> <span class='ocrx_word' id='word_1_160' title='bbox 446 1435 633 1477; x_wconf 90' lang='lat' dir='ltr'>quantum</span> <span class='ocrx_word' id='word_1_161' title='bbox 661 1428 701 1464; x_wconf 93' lang='lat' dir='ltr'>in</span> <span class='ocrx_word' id='word_1_162' title='bbox 730 1429 798 1465; x_wconf 90' lang='lat' dir='ltr'>illis</span> <span class='ocrx_word' id='word_1_163' title='bbox 828 1435 895 1474; x_wconf 88' lang='lat' dir='ltr'>est,</span> <span class='ocrx_word' id='word_1_164' title='bbox 924 1440 1061 1477; x_wconf 89' lang='lat' dir='ltr'>capere</span> <span class='ocrx_word' id='word_1_165' title='bbox 1088 1427 1206 1466; x_wconf 86' lang='lat' dir='ltr'>Veios</span> <span class='ocrx_word' id='word_1_166' title='bbox 1239 1428 1339 1466; x_wconf 88' lang='lat' dir='ltr'>licet.</span> 
     </span>
     <span class='ocr_line' id='line_1_21' title="bbox 78 1493 1339 1559; baseline -0.002 -27"><span class='ocrx_word' id='word_1_167' title='bbox 78 1494 176 1541; x_wconf 90' lang='lat' dir='ltr'>Quis</span> <span class='ocrx_word' id='word_1_168' title='bbox 191 1501 258 1539; x_wconf 91' lang='lat' dir='ltr'>est,</span> <span class='ocrx_word' id='word_1_169' title='bbox 273 1495 338 1543; x_wconf 90' lang='lat' dir='ltr'>qui</span> <span class='ocrx_word' id='word_1_170' title='bbox 357 1494 556 1543; x_wconf 89' lang='lat' dir='ltr'>spondeat,</span> <span class='ocrx_word' id='word_1_171' title='bbox 571 1493 806 1559; x_wconf 52' lang='lat' dir='ltr'>eundemffl</span> <span class='ocrx_word' id='word_1_172' title='bbox 811 1493 979 1530; x_wconf 88' lang='lat' dir='ltr'>differtur</span> <span class='ocrx_word' id='word_1_173' title='bbox 995 1493 1148 1539; x_wconf 90' lang='lat' dir='ltr'>bellum,</span> <span class='ocrx_word' id='word_1_174' title='bbox 1163 1494 1339 1530; x_wconf 90' lang='lat' dir='ltr'>animum</span> 
     </span>
     <span class='ocr_line' id='line_1_22' title="bbox 77 1558 1394 1609; baseline 0.002 -13"><span class='ocrx_word' id='word_1_175' title='bbox 77 1567 211 1609; x_wconf 86' lang='lat' dir='ltr'>postea</span> <span class='ocrx_word' id='word_1_176' title='bbox 250 1559 341 1604; x_wconf 91' lang='lat' dir='ltr'>fore,</span> <span class='ocrx_word' id='word_1_177' title='bbox 376 1571 505 1608; x_wconf 90' lang='lat' dir='ltr'>quum,</span> <span class='ocrx_word' id='word_1_178' title='bbox 541 1559 571 1596; x_wconf 91' lang='lat' dir='ltr'>si</span> <span class='ocrx_word' id='word_1_179' title='bbox 610 1559 872 1595; x_wconf 84' lang='lat' dir='ltr'>laxamentum</span> <span class='ocrx_word' id='word_1_180' title='bbox 911 1558 1070 1603; x_wconf 88' lang='lat' dir='ltr'>dederis,</span> <span class='ocrx_word' id='word_1_181' title='bbox 1102 1559 1227 1596; x_wconf 89' lang='lat' dir='ltr'>maior</span> <span class='ocrx_word' id='word_1_182' title='bbox 1264 1559 1337 1596; x_wconf 89' lang='lat' dir='ltr'>fre·</span> <span class='ocrx_word' id='word_1_183' title='bbox 1354 1568 1394 1598; x_wconf 90' lang='lat'>10</span> 
     </span>
     <span class='ocr_line' id='line_1_23' title="bbox 75 1623 1339 1674; baseline 0 -13"><span class='ocrx_word' id='word_1_184' title='bbox 75 1625 328 1674; x_wconf 88' lang='lat' dir='ltr'>quentiorque</span> <span class='ocrx_word' id='word_1_185' title='bbox 352 1624 494 1673; x_wconf 87' lang='lat' dir='ltr'>legatio</span> <span class='ocrx_word' id='word_1_186' title='bbox 514 1625 610 1661; x_wconf 91' lang='lat' dir='ltr'>itura</span> <span class='ocrx_word' id='word_1_187' title='bbox 631 1624 687 1669; x_wconf 82' lang='lat' dir='ltr'>sit,</span> <span class='ocrx_word' id='word_1_188' title='bbox 709 1636 828 1672; x_wconf 91' lang='lat' dir='ltr'>quum</span> <span class='ocrx_word' id='word_1_189' title='bbox 855 1623 905 1669; x_wconf 92' lang='lat' dir='ltr'>id,</span> <span class='ocrx_word' id='word_1_190' title='bbox 927 1624 1034 1673; x_wconf 90' lang='lat' dir='ltr'>quod</span> <span class='ocrx_word' id='word_1_191' title='bbox 1054 1636 1156 1661; x_wconf 92' lang='lat' dir='ltr'>nunc</span> <span class='ocrx_word' id='word_1_192' title='bbox 1177 1624 1339 1661; x_wconf 87' lang='lat' dir='ltr'>offendit</span> 
     </span>
     <span class='ocr_line' id='line_1_24' title="bbox 76 1689 1339 1739; baseline 0 -12"><span class='ocrx_word' id='word_1_193' title='bbox 76 1690 272 1735; x_wconf 88' lang='lat' dir='ltr'>Etruscos,</span> <span class='ocrx_word' id='word_1_194' title='bbox 287 1702 353 1727; x_wconf 84' lang='lat' dir='ltr'>rex</span> <span class='ocrx_word' id='word_1_195' title='bbox 375 1696 523 1727; x_wconf 90' lang='lat' dir='ltr'>creatus</span> <span class='ocrx_word' id='word_1_196' title='bbox 543 1689 662 1735; x_wconf 89' lang='lat' dir='ltr'>Veiis,</span> <span class='ocrx_word' id='word_1_197' title='bbox 676 1689 814 1726; x_wconf 86' lang='lat' dir='ltr'>mutari</span> <span class='ocrx_word' id='word_1_198' title='bbox 834 1689 958 1738; x_wconf 89' lang='lat' dir='ltr'>spatio</span> <span class='ocrx_word' id='word_1_199' title='bbox 975 1689 1202 1738; x_wconf 88' lang='lat' dir='ltr'>interposito</span> <span class='ocrx_word' id='word_1_200' title='bbox 1216 1690 1339 1739; x_wconf 90' lang='lat' dir='ltr'>possit</span> 
     </span>
     <span class='ocr_line' id='line_1_25' title="bbox 75 1754 1338 1801; baseline 0.001 -9"><span class='ocrx_word' id='word_1_201' title='bbox 75 1756 134 1793; x_wconf 90' lang='lat' dir='ltr'>vel</span> <span class='ocrx_word' id='word_1_202' title='bbox 160 1767 351 1794; x_wconf 84' lang='lat' dir='ltr'>consensu</span> <span class='ocrx_word' id='word_1_203' title='bbox 381 1755 552 1798; x_wconf 88' lang='lat' dir='ltr'>civitatis,</span> <span class='ocrx_word' id='word_1_204' title='bbox 573 1761 613 1791; x_wconf 90' lang='lat' dir='ltr'>ut</span> <span class='ocrx_word' id='word_1_205' title='bbox 638 1767 686 1792; x_wconf 91' lang='lat' dir='ltr'>eo</span> <span class='ocrx_word' id='word_1_206' title='bbox 712 1755 960 1792; x_wconf 86' lang='lat' dir='ltr'>reconcilient</span> <span class='ocrx_word' id='word_1_207' title='bbox 978 1754 1152 1793; x_wconf 85' lang='lat' dir='ltr'>Etruriae</span> <span class='ocrx_word' id='word_1_208' title='bbox 1177 1755 1338 1801; x_wconf 88' lang='lat' dir='ltr'>animos,</span> 
     </span>
     <span class='ocr_line' id='line_1_26' title="bbox 75 1820 1335 1892; baseline 0 -34"><span class='ocrx_word' id='word_1_209' title='bbox 75 1821 134 1858; x_wconf 88' lang='lat' dir='ltr'>vel</span> <span class='ocrx_word' id='word_1_210' title='bbox 153 1822 273 1870; x_wconf 87' lang='lat' dir='ltr'>ipsius</span> <span class='ocrx_word' id='word_1_211' title='bbox 292 1820 485 1859; x_wconf 81' lang='lat' dir='ltr'>voluntate</span> <span class='ocrx_word' id='word_1_212' title='bbox 506 1820 616 1869; x_wconf 88' lang='lat' dir='ltr'>regis,</span> <span class='ocrx_word' id='word_1_213' title='bbox 639 1820 703 1868; x_wconf 88' lang='lat' dir='ltr'>qui</span> <span class='ocrx_word' id='word_1_214' title='bbox 724 1821 876 1892; x_wconf 52' lang='lat' dir='ltr'>obstlare</span> <span class='ocrx_word' id='word_1_215' title='bbox 898 1832 1062 1875; x_wconf 86' lang='lat' dir='ltr'>regnum</span> <span class='ocrx_word' id='word_1_216' title='bbox 1089 1832 1202 1858; x_wconf 88' lang='lat' dir='ltr'>suum</span> <span class='ocrx_word' id='word_1_217' title='bbox 1227 1821 1335 1858; x_wconf 87' lang='lat' dir='ltr'>saluti</span> 
     </span>
     <span class='ocr_line' id='line_1_27' title="bbox 76 1869 1390 1936; baseline -0.002 -13"><span class='ocrx_word' id='word_1_218' title='bbox 76 1887 215 1924; x_wconf 90' lang='lat' dir='ltr'>civium</span> <span class='ocrx_word' id='word_1_219' title='bbox 244 1886 363 1923; x_wconf 90' lang='lat' dir='ltr'>nolit?</span> <span class='ocrx_word' id='word_1_220' title='bbox 420 1885 570 1931; x_wconf 85' lang='lat' dir='ltr'>Videte,</span> <span class='ocrx_word' id='word_1_221' title='bbox 592 1869 923 1935; x_wconf 44' lang='lat' dir='ltr'>quotqi‘es‘fcsuam</span> <span class='ocrx_word' id='word_1_222' title='bbox 952 1874 1101 1924; x_wconf 71' lang='lat' dir='ltr'>inutiles</span> <span class='ocrx_word' id='word_1_223' title='bbox 1131 1894 1337 1936; x_wconf 86' lang='lat' dir='ltr'>sequantur</span> <span class='ocrx_word' id='word_1_224' title='bbox 1352 1893 1390 1922; x_wconf 84' lang='lat'>11</span> 
     </span>
     <span class='ocr_line' id='line_1_28' title="bbox 76 1951 1333 2000; baseline 0 -11"><span class='ocrx_word' id='word_1_225' title='bbox 76 1953 179 1989; x_wconf 88' lang='lat' dir='ltr'>illam</span> <span class='ocrx_word' id='word_1_226' title='bbox 198 1952 298 1989; x_wconf 85' lang='lat' dir='ltr'>viam</span> <span class='ocrx_word' id='word_1_227' title='bbox 318 1951 478 1997; x_wconf 84' lang='lat' dir='ltr'>consilii,</span> <span class='ocrx_word' id='word_1_228' title='bbox 499 1952 644 1988; x_wconf 85' lang='lat' dir='ltr'>iactura</span> <span class='ocrx_word' id='word_1_229' title='bbox 670 1963 832 2000; x_wconf 90' lang='lat' dir='ltr'>operum</span> <span class='ocrx_word' id='word_1_230' title='bbox 851 1958 957 1990; x_wconf 92' lang='lat' dir='ltr'>tanto</span> <span class='ocrx_word' id='word_1_231' title='bbox 984 1952 1115 1989; x_wconf 87' lang='lat' dir='ltr'>labore</span> <span class='ocrx_word' id='word_1_232' title='bbox 1134 1952 1333 1998; x_wconf 86' lang='lat' dir='ltr'>factorum,</span> 
     </span>
     <span class='ocr_line' id='line_1_29' title="bbox 76 2016 1334 2086; baseline 0.002 -33"><span class='ocrx_word' id='word_1_233' title='bbox 76 2017 236 2055; x_wconf 89' lang='lat' dir='ltr'>vastatio</span> <span class='ocrx_word' id='word_1_234' title='bbox 253 2017 459 2072; x_wconf 61' lang='lat' dir='ltr'>imminens</span> <span class='ocrx_word' id='word_1_235' title='bbox 477 2016 612 2086; x_wconf 49' lang='lat' dir='ltr'>finium</span> <span class='ocrx_word' id='word_1_236' title='bbox 632 2024 861 2063; x_wconf 89' lang='lat' dir='ltr'>nostrorum,</span> <span class='ocrx_word' id='word_1_237' title='bbox 874 2016 1084 2055; x_wconf 87' lang='lat' dir='ltr'>Etruscum</span> <span class='ocrx_word' id='word_1_238' title='bbox 1099 2018 1243 2055; x_wconf 90' lang='lat' dir='ltr'>bellum</span> <span class='ocrx_word' id='word_1_239' title='bbox 1263 2031 1334 2068; x_wconf 92' lang='lat' dir='ltr'>pro</span> 
     </span>
     <span class='ocr_line' id='line_1_30' title="bbox 76 2063 1390 2130; baseline 0.003 -12"><span class='ocrx_word' id='word_1_240' title='bbox 76 2081 238 2120; x_wconf 79' lang='lat' dir='ltr'>Veiente</span> <span class='ocrx_word' id='word_1_241' title='bbox 252 2063 497 2119; x_wconf 60' lang='lat' dir='ltr'>css&#39;ffiffitfi‘rh.</span> <span class='ocrx_word' id='word_1_242' title='bbox 528 2082 639 2120; x_wconf 88' lang='lat' dir='ltr'>Haec</span> <span class='ocrx_word' id='word_1_243' title='bbox 653 2089 752 2128; x_wconf 89' lang='lat' dir='ltr'>sunt,</span> <span class='ocrx_word' id='word_1_244' title='bbox 768 2083 921 2128; x_wconf 87' lang='lat' dir='ltr'>tribuni,</span> <span class='ocrx_word' id='word_1_245' title='bbox 934 2083 1098 2130; x_wconf 83' lang='lat' dir='ltr'>consilia</span> <span class='ocrx_word' id='word_1_246' title='bbox 1108 2091 1335 2126; x_wconf 18' lang='lat' dir='ltr'>vestra‚vnon</span> <span class='ocrx_word' id='word_1_247' title='bbox 1350 2086 1390 2115; x_wconf 76' lang='lat'>12</span> 
     </span>
     <span class='ocr_line' id='line_1_31' title="bbox 77 2127 1336 2199; baseline 0.002 -14"><span class='ocrx_word' id='word_1_248' title='bbox 77 2147 227 2185; x_wconf 91' lang='lat' dir='ltr'>hercule</span> <span class='ocrx_word' id='word_1_249' title='bbox 237 2148 433 2186; x_wconf 85' lang='lat' dir='ltr'>dissimilia</span> <span class='ocrx_word' id='word_1_250' title='bbox 446 2161 491 2185; x_wconf 90' lang='lat' dir='ltr'>ac</span> <span class='ocrx_word' id='word_1_251' title='bbox 505 2149 534 2186; x_wconf 90' lang='lat' dir='ltr'>si</span> <span class='ocrx_word' id='word_1_252' title='bbox 543 2149 627 2198; x_wconf 90' lang='lat' dir='ltr'>quis</span> <span class='ocrx_word' id='word_1_253' title='bbox 641 2160 768 2197; x_wconf 87' lang='lat' dir='ltr'>aegro,</span> <span class='ocrx_word' id='word_1_254' title='bbox 778 2127 981 2198; x_wconf 52' lang='lat' dir='ltr'>quissisr&#39;fffi</span> <span class='ocrx_word' id='word_1_255' title='bbox 992 2161 1032 2186; x_wconf 89' lang='lat' dir='ltr'>se</span> <span class='ocrx_word' id='word_1_256' title='bbox 1044 2133 1336 2199; x_wconf 50' lang='grc' dir='ltr'>ΐᾶἷῗῑέῗρἐἒευε</span> 
     </span>
     <span class='ocr_line' id='line_1_32' title="bbox 77 2214 1334 2266; baseline 0.003 -16"><span class='ocrx_word' id='word_1_257' title='bbox 77 2214 270 2263; x_wconf 85' lang='lat' dir='ltr'>extemplo</span> <span class='ocrx_word' id='word_1_258' title='bbox 290 2214 558 2252; x_wconf 87' lang='lat' dir='ltr'>convalescere</span> <span class='ocrx_word' id='word_1_259' title='bbox 578 2215 710 2263; x_wconf 89' lang='lat' dir='ltr'>possit,</span> <span class='ocrx_word' id='word_1_260' title='bbox 725 2214 798 2251; x_wconf 90' lang='lat' dir='ltr'>cibi</span> <span class='ocrx_word' id='word_1_261' title='bbox 814 2214 933 2263; x_wconf 85' lang='lat' dir='ltr'>gratia</span> <span class='ocrx_word' id='word_1_262' title='bbox 954 2216 1163 2264; x_wconf 88' lang='lat' dir='ltr'>praesentis</span> <span class='ocrx_word' id='word_1_263' title='bbox 1182 2223 1245 2252; x_wconf 91' lang='lat' dir='ltr'>aut</span> <span class='ocrx_word' id='word_1_264' title='bbox 1264 2229 1334 2266; x_wconf 89' lang='lat' dir='ltr'>po-</span> 
     </span>
     <span class='ocr_line' id='line_1_33' title="bbox 77 2278 1333 2328; baseline 0.003 -13"><span class='ocrx_word' id='word_1_265' title='bbox 77 2278 191 2316; x_wconf 84' lang='lat' dir='ltr'>tionis</span> <span class='ocrx_word' id='word_1_266' title='bbox 210 2279 464 2328; x_wconf 84' lang='lat' dir='ltr'>longinquum</span> <span class='ocrx_word' id='word_1_267' title='bbox 479 2287 516 2318; x_wconf 91' lang='lat' dir='ltr'>et</span> <span class='ocrx_word' id='word_1_268' title='bbox 537 2280 695 2318; x_wconf 89' lang='lat' dir='ltr'>forsitan</span> <span class='ocrx_word' id='word_1_269' title='bbox 715 2279 968 2317; x_wconf 86' lang='lat' dir='ltr'>insanabilem</span> <span class='ocrx_word' id='word_1_270' title='bbox 988 2281 1168 2318; x_wconf 85' lang='lat' dir='ltr'>morbum</span> <span class='ocrx_word' id='word_1_271' title='bbox 1184 2281 1333 2320; x_wconf 87' lang='lat' dir='ltr'>efficiat.</span> 
     </span>
    </p>
   </div>
  </div>
 </body>
</html>
