1637 2554
111 131 312 163 REVOLT
338 130 402 162 OF
430 130 530 162 THE
559 130 743 162 LATINS
766 131 874 163 ΛΝΒ
904 131 1211 164 HERNJCANS.
1261 137 1340 177 119

88 238 202 282 savin
231 237 427 274 Valerium
449 236 719 275 tantummodo
749 237 896 287 imperii
926 238 1074 276 socium
1104 238 1341 288 depoposcit.
1356 243 1438 273 B-C·
1456 245 1544 273 386-

88 302 291 349 Quinctius
339 302 597 351 Horatiusque
646 314 885 341 successores
914 303 1070 341 Valerio
1108 304 1147 341 in
1177 304 1343 342 Volscos

89 368 202 405 missi.
245 367 408 405 Profecti
429 368 477 404 ab
498 368 591 405 urbe
609 367 776 405 Sutrium
798 368 932 406 Furius
953 375 989 406 et
1002 368 1176 406 Valerius
1197 376 1340 419 partem
1357 372 1375 405 7

89 433 219 483 oppidi
248 434 322 470 iarn
344 440 495 482 captam
525 434 574 470 ab
594 433 763 470 Etruscis
793 434 981 481 invenere,
1011 446 1058 472 ex
1078 441 1183 484 parte
1213 435 1339 480 altera,

89 499 326 548 intersaeptis
346 499 552 545 itineribus,
575 511 687 547 aegre
711 499 926 549 oppidanos
946 500 1022 536 vim
1047 499 1214 538 hostium
1235 501 1283 538 ab
1304 513 1342 538 se

90 572 269 601 arcentes.
326 563 458 610 Quum
492 564 660 602 Romani
693 565 820 601 auxilii
855 565 1049 612 adventus,
1082 573 1162 603 tum
1192 565 1375 604 Camillis

91 642 234 667 nomen
265 629 554 668 celeberrimum
588 629 690 679 apud
720 630 849 667 hostes
878 631 1078 681 sociosque
1109 638 1144 669 et
1173 632 1211 669 in
1236 644 1343 682 prae-

91 696 212 732 sentia
232 708 313 733 rem
339 695 559 733 inclinatam
588 696 760 732 sustinuit
780 702 817 732 et
836 696 999 745 spatium
1020 697 1068 735 ad
1089 709 1202 747 opem
1223 697 1344 735 feren-

91 761 180 798 dam
210 761 322 799 dedit.
379 761 514 810 Itaque
542 761 662 799 diviso
688 762 855 799 exercitu
877 762 1060 801 Camillus
1084 763 1281 813 collegam,
1304 764 1375 801 in9

91 836 177 861 eam
206 832 352 874 partem
382 824 653 862 circumductis
683 824 815 874 copiis,
847 837 963 874 quam
992 825 1121 863 hostes
1149 827 1341 873 tenebant,

92 891 244 927 moenia
278 890 432 939 aggredi
462 890 575 936 iubet,
605 902 684 927 non
717 897 822 928 tanta
851 903 928 940 spe,
961 891 1071 929 scalis
1100 893 1183 942 capi
1208 893 1343 930 urbem

93 971 215 1008 posse,
250 971 367 1008 quam
404 965 456 1004 ut,
490 959 627 996 aversis
659 970 706 996 eo
741 958 923 1006 hostibus,
959 967 996 997 et
1029 960 1231 1009 oppidanis
1268 961 1344 997 iam

92 1024 302 1073 pugnando
332 1024 438 1061 fessis
467 1024 655 1062 laxaretur
686 1024 794 1062 labor
819 1031 856 1062 et
884 1025 963 1074 ipse
993 1026 1156 1075 spatium
1180 1025 1344 1063 intrandi

92 1092 173 1129 sine
194 1091 399 1129 certamine
420 1091 574 1129 moenia
594 1090 759 1128 haberet.
817 1090 936 1137 Quod
957 1103 1075 1140 quum
1095 1091 1207 1129 simul
1226 1092 1344 1129 utrin-
1360 1100 1399 1129 10

93 1168 167 1206 que
197 1156 339 1194 factum
367 1165 465 1194 esset
485 1169 701 1207 ancepsque
722 1164 841 1194 terror
863 1156 1045 1195 Etruscos
1072 1158 1343 1204 circumstaret,

92 1229 129 1259 et
153 1222 305 1260 moenia
333 1235 482 1260 summa
501 1223 535 1259 vi
565 1223 778 1272 oppugnari
799 1229 834 1260 et
854 1222 952 1259 intra
980 1223 1133 1260 moenia
1152 1235 1235 1260 esse
1255 1223 1344 1260 hos-

93 1295 171 1325 tem
199 1288 378 1335 viderent,
409 1295 518 1338 porta
545 1300 598 1334 se,
628 1301 726 1338 quae
755 1300 832 1325 una
860 1287 956 1325 forte
982 1300 1061 1326 non
1085 1289 1342 1335 obsidebatur,

92 1353 229 1403 trepidi
247 1365 326 1391 uno
347 1355 499 1404 agmine
519 1354 673 1392 eiecere.
732 1352 880 1403 Magna
900 1353 1038 1391 caedes
1058 1353 1287 1403 fugientium
1307 1361 1344 1392 et
1359 1363 1398 1392 11

93 1420 132 1456 in
165 1420 257 1457 urbe
284 1426 320 1457 et
353 1432 420 1469 per
449 1432 562 1469 agros
595 1426 651 1457 est
683 1419 806 1465 facta;
840 1419 965 1469 plures
995 1432 1017 1457 a
1041 1419 1218 1458 Furianis
1246 1422 1346 1458 intra

93 1487 247 1523 moenia
281 1486 405 1532 caesi3
448 1486 641 1524 Valeriani
680 1486 933 1535 expeditiores
971 1486 1020 1523 ad
1057 1486 1346 1536 persequendos

94 1550 196 1588 fuere
222 1563 293 1589 nec
322 1558 411 1589 ante
438 1558 602 1598 noctem,
634 1564 732 1602 quae
763 1558 1015 1601 conspectum
1045 1552 1198 1598 ademit,
1230 1552 1346 1589 finem

93 1616 277 1653 caedendi
292 1616 423 1655 secere.
470 1616 596 1655 Sutrio
611 1624 764 1667 recepto
783 1617 1032 1667 restitutoque
1053 1617 1175 1664 sociis,
1195 1616 1345 1667 Nepete
1361 1624 1399 1654 12

93 1682 279 1720 exercitus
294 1683 440 1729 duetus,
457 1682 562 1732 quod
582 1695 648 1733 per
663 1683 896 1720 deditionem
913 1690 1112 1732 acceptum
1131 1683 1207 1720 iam
1223 1690 1346 1720 totum

94 1746 246 1785 Etrusci
266 1747 471 1786 habebant.
1414 1739 1444 1777 ,24

97 1854 114 1890 ᾖ
135 1861 161 1884 1.
185 1851 285 1893 After
304 1861 325 1882 a
347 1851 429 1882 vain
456 1851 573 1892 appcal
594 1856 624 1882 to
650 1851 703 1882 the
728 1851 783 1882 old
804 1851 1009 1881 inhabitants
1031 1854 1060 1881 to
1083 1851 1272 1887 surrender,
1295 1851 1348 1882 the
1362 1850 1432 1883 Ch.
1450 1850 1508 1883 10.

181 1904 328 1934 Romans
350 1903 421 1934 take
444 1903 562 1943 Nepete
581 1903 619 1942 by
638 1903 774 1933 assault.
825 1903 858 1933 T
852 1903 890 1933 lze
913 1903 1098 1933 Etruscam
1119 1902 1191 1932 and
1210 1903 1262 1933 tlze
1283 1903 1346 1933 clis-

180 1955 268 1995 loyal
292 1955 424 1985 citizens
453 1965 510 1985 are
535 1954 634 1984 slaz‘n.
706 1957 721 1991 ξ
747 1953 778 1984 6.
812 1954 878 1984 The
908 1954 1029 1984 Latius
1058 1953 1130 1983 and
1157 1954 1347 1984 Ilernicans

180 2006 330 2037 disclaz'm
356 2006 596 2047 responsz'bilz'ty
613 2005 677 2046 sor
701 2006 791 2036 their
815 2006 1008 2042 volunteers‚
1034 2005 1106 2035 and
1126 2015 1238 2036 excuse
1261 2006 1351 2037 their

182 2057 339 2089 slackness
355 2057 392 2088 in
409 2062 465 2088 not
479 2058 620 2098 sending
631 2061 734 2097 troops
749 2057 787 2097 l1y
802 2056 890 2087 their
894 2056 978 2098 sear
991 2056 1031 2097 of
1037 2057 1090 2087 tlte
1112 2057 1142 2087 V
1140 2057 1286 2089 olscz'ans.

150 2131 364 2169 Videbatur
383 2132 467 2182 plus
487 2133 526 2169 in
546 2145 592 2169 ea
614 2133 708 2169 urbe
737 2132 954 2181 recipienda
982 2131 1123 2169 laboris
1152 2131 1244 2178 fore,
1267 2145 1346 2170 non
1362 2138 1378 2167 1

97 2210 144 2235 eo
174 2197 307 2243 solum,
330 2197 433 2246 quod
461 2204 541 2235 tota
569 2197 736 2234 hostium
765 2204 855 2244 erat,
879 2196 945 2235 sed
970 2198 1085 2234 etiam
1115 2197 1220 2247 quod
1241 2205 1348 2246 parte

98 2262 380 2312 Nepesinorum
408 2263 592 2313 prodente
623 2264 811 2301 civitatem
838 2263 937 2301 facta
961 2271 1039 2300 erat
1060 2262 1222 2309 deditio;
1252 2263 1378 2301 mitti-2
