<?xml version="1.0" encoding="UTF-8"?>
<!DOCTYPE html PUBLIC "-//W3C//DTD XHTML 1.0 Transitional//EN"
    "http://www.w3.org/TR/xhtml1/DTD/xhtml1-transitional.dtd">
<html xmlns="http://www.w3.org/1999/xhtml" xml:lang="en" lang="en">
 <head>
  <title>
</title>
<meta http-equiv="Content-Type" content="text/html;charset=utf-8" />
  <meta name='ocr-system' content='tesseract 3.04.00' />
  <meta name='ocr-capabilities' content='ocr_page ocr_carea ocr_par ocr_line ocrx_word'/>
</head>
<body>
  <div class='ocr_page' id='page_1' title='image "./booksvvivii00livyuoft_0165.png"; bbox 0 0 1637 2554; ppageno 0'>
   <div class='ocr_carea' id='block_1_1' title="bbox 386 108 1318 152">
    <p class='ocr_par' dir='ltr' id='par_1_1' title="bbox 386 108 1318 152">
     <span class='ocr_line' id='line_1_1' title="bbox 386 108 1318 152; baseline 0 -11"><span class='ocrx_word' id='word_1_1' title='bbox 386 109 494 142; x_wconf 83' lang='lat' dir='ltr'>WAR</span> <span class='ocrx_word' id='word_1_2' title='bbox 531 109 670 141; x_wconf 84' lang='lat' dir='ltr'><em>WITH</em></span> <span class='ocrx_word' id='word_1_3' title='bbox 691 108 1003 141; x_wconf 82' lang='lat' dir='ltr'><em>PRAENESTE.</em></span> <span class='ocrx_word' id='word_1_4' title='bbox 1240 110 1318 152; x_wconf 71' lang='lat'>137</span> 
     </span>
    </p>
   </div>
   <div class='ocr_carea' id='block_1_2' title="bbox 70 213 1620 2298">
    <p class='ocr_par' dir='ltr' id='par_1_2' title="bbox 72 213 1523 332">
     <span class='ocr_line' id='line_1_2' title="bbox 73 213 1523 268; baseline -0.001 -14"><span class='ocrx_word' id='word_1_5' title='bbox 73 217 115 255; x_wconf 93' lang='lat' dir='ltr'>C.</span> <span class='ocrx_word' id='word_1_6' title='bbox 137 215 315 267; x_wconf 90' lang='lat' dir='ltr'>Sulpicio,</span> <span class='ocrx_word' id='word_1_7' title='bbox 341 216 383 253; x_wconf 92' lang='lat' dir='ltr'>L.</span> <span class='ocrx_word' id='word_1_8' title='bbox 404 216 570 254; x_wconf 89' lang='lat' dir='ltr'>Aemilio</span> <span class='ocrx_word' id='word_1_9' title='bbox 590 222 767 265; x_wconf 88' lang='lat' dir='ltr'>quartum</span> <span class='ocrx_word' id='word_1_10' title='bbox 792 213 1000 268; x_wconf 90' lang='lat' dir='ltr'>[tribunis],</span> <span class='ocrx_word' id='word_1_11' title='bbox 1021 213 1070 251; x_wconf 86' lang='lat' dir='ltr'>ad</span> <span class='ocrx_word' id='word_1_12' title='bbox 1090 213 1319 263; x_wconf 80' lang='lat' dir='ltr'>praesidium</span> <span class='ocrx_word' id='word_1_13' title='bbox 1334 224 1417 253; x_wconf 59' lang='lat' dir='ltr'>nc.</span> <span class='ocrx_word' id='word_1_14' title='bbox 1435 225 1523 253; x_wconf 78' lang='lat'>382.</span> 
     </span>
     <span class='ocr_line' id='line_1_3' title="bbox 72 279 1320 332; baseline -0.002 -14"><span class='ocrx_word' id='word_1_15' title='bbox 72 283 175 320; x_wconf 89' lang='lat' dir='ltr'>urbis</span> <span class='ocrx_word' id='word_1_16' title='bbox 194 290 231 320; x_wconf 88' lang='lat' dir='ltr'>et</span> <span class='ocrx_word' id='word_1_17' title='bbox 252 283 280 319; x_wconf 91' lang='lat' dir='ltr'>si</span> <span class='ocrx_word' id='word_1_18' title='bbox 302 283 367 332; x_wconf 89' lang='lat' dir='ltr'>qui</span> <span class='ocrx_word' id='word_1_19' title='bbox 387 295 435 320; x_wconf 85' lang='lat' dir='ltr'>ex</span> <span class='ocrx_word' id='word_1_20' title='bbox 456 281 605 319; x_wconf 85' lang='lat' dir='ltr'>Etruria</span> <span class='ocrx_word' id='word_1_21' title='bbox 625 283 712 319; x_wconf 76' lang='lat' dir='ltr'>novi</span> <span class='ocrx_word' id='word_1_22' title='bbox 739 290 866 318; x_wconf 91' lang='lat' dir='ltr'>motus</span> <span class='ocrx_word' id='word_1_23' title='bbox 890 281 1152 318; x_wconf 82' lang='lat' dir='ltr'>nuntiarentur</span> <span class='ocrx_word' id='word_1_24' title='bbox 1173 279 1320 329; x_wconf 87' lang='lat' dir='ltr'>(omnia</span> 
     </span>
    </p>

    <p class='ocr_par' dir='ltr' id='par_1_3' title="bbox 70 344 1352 462">
     <span class='ocr_line' id='line_1_4' title="bbox 70 344 1352 397; baseline -0.002 -13"><span class='ocrx_word' id='word_1_25' title='bbox 70 347 172 384; x_wconf 90' lang='lat' dir='ltr'>enim</span> <span class='ocrx_word' id='word_1_26' title='bbox 193 348 280 384; x_wconf 84' lang='lat' dir='ltr'>inde</span> <span class='ocrx_word' id='word_1_27' title='bbox 301 354 476 397; x_wconf 85' lang='lat' dir='ltr'>suspecta</span> <span class='ocrx_word' id='word_1_28' title='bbox 503 344 640 397; x_wconf 88' lang='lat' dir='ltr'>erant),</span> <span class='ocrx_word' id='word_1_29' title='bbox 664 346 814 383; x_wconf 87' lang='lat' dir='ltr'>relictis.</span> <span class='ocrx_word' id='word_1_30' title='bbox 871 346 933 383; x_wconf 88' lang='lat' dir='ltr'>Ad</span> <span class='ocrx_word' id='word_1_31' title='bbox 954 345 1117 382; x_wconf 72' lang='lat' dir='ltr'>Velitras</span> <span class='ocrx_word' id='word_1_32' title='bbox 1141 345 1352 382; x_wconf 68' lang='lat' dir='ltr'>adversusss</span> 
     </span>
     <span class='ocr_line' id='line_1_5' title="bbox 72 410 1319 462; baseline -0.002 -13"><span class='ocrx_word' id='word_1_33' title='bbox 72 413 218 450; x_wconf 85' lang='lat' dir='ltr'>maiora</span> <span class='ocrx_word' id='word_1_34' title='bbox 245 425 366 462; x_wconf 84' lang='lat' dir='ltr'>paene</span> <span class='ocrx_word' id='word_1_35' title='bbox 395 412 533 449; x_wconf 87' lang='lat' dir='ltr'>auxilia</span> <span class='ocrx_word' id='word_1_36' title='bbox 562 411 899 448; x_wconf 88' lang='lat' dir='ltr'>Praenestinorum</span> <span class='ocrx_word' id='word_1_37' title='bbox 929 423 1046 460; x_wconf 86' lang='lat' dir='ltr'>quam</span> <span class='ocrx_word' id='word_1_38' title='bbox 1073 410 1193 459; x_wconf 88' lang='lat' dir='ltr'>ipsam</span> <span class='ocrx_word' id='word_1_39' title='bbox 1214 410 1319 447; x_wconf 89' lang='lat' dir='ltr'>colo-</span> 
     </span>
    </p>

    <p class='ocr_par' dir='ltr' id='par_1_4' title="bbox 71 476 1320 592">
     <span class='ocr_line' id='line_1_6' title="bbox 71 476 1320 525; baseline -0.002 -11"><span class='ocrx_word' id='word_1_40' title='bbox 71 489 210 514; x_wconf 93' lang='lat' dir='ltr'>norum</span> <span class='ocrx_word' id='word_1_41' title='bbox 226 477 506 514; x_wconf 83' lang='lat' dir='ltr'>multitudinem</span> <span class='ocrx_word' id='word_1_42' title='bbox 526 476 697 514; x_wconf 88' lang='lat' dir='ltr'>secundo</span> <span class='ocrx_word' id='word_1_43' title='bbox 717 477 863 525; x_wconf 89' lang='lat' dir='ltr'>proelio</span> <span class='ocrx_word' id='word_1_44' title='bbox 886 483 1101 525; x_wconf 89' lang='lat' dir='ltr'>pugnatum</span> <span class='ocrx_word' id='word_1_45' title='bbox 1121 482 1177 512; x_wconf 89' lang='lat' dir='ltr'>est</span> <span class='ocrx_word' id='word_1_46' title='bbox 1196 476 1258 522; x_wconf 90' lang='lat' dir='ltr'>ita,</span> <span class='ocrx_word' id='word_1_47' title='bbox 1281 484 1320 512; x_wconf 92' lang='lat' dir='ltr'>ut</span> 
     </span>
     <span class='ocr_line' id='line_1_7' title="bbox 71 541 1319 592; baseline -0.001 -14"><span class='ocrx_word' id='word_1_48' title='bbox 71 543 334 592; x_wconf 87' lang='lat' dir='ltr'>propinquitas</span> <span class='ocrx_word' id='word_1_49' title='bbox 357 543 460 579; x_wconf 91' lang='lat' dir='ltr'>urbis</span> <span class='ocrx_word' id='word_1_50' title='bbox 481 542 579 579; x_wconf 91' lang='lat' dir='ltr'>hosti</span> <span class='ocrx_word' id='word_1_51' title='bbox 600 549 635 579; x_wconf 91' lang='lat' dir='ltr'>et</span> <span class='ocrx_word' id='word_1_52' title='bbox 651 554 766 580; x_wconf 87' lang='lat' dir='ltr'>causa</span> <span class='ocrx_word' id='word_1_53' title='bbox 783 542 1000 579; x_wconf 83' lang='lat' dir='ltr'>maturioris</span> <span class='ocrx_word' id='word_1_54' title='bbox 1020 541 1133 591; x_wconf 86' lang='lat' dir='ltr'>fugae</span> <span class='ocrx_word' id='word_1_55' title='bbox 1149 550 1185 578; x_wconf 92' lang='lat' dir='ltr'>et</span> <span class='ocrx_word' id='word_1_56' title='bbox 1200 553 1319 578; x_wconf 90' lang='lat' dir='ltr'>unum</span> 
     </span>
    </p>

    <p class='ocr_par' dir='ltr' id='par_1_5' title="bbox 71 607 1352 853">
     <span class='ocr_line' id='line_1_8' title="bbox 71 607 1352 657; baseline -0.001 -14"><span class='ocrx_word' id='word_1_57' title='bbox 71 619 117 644; x_wconf 83' lang='lat' dir='ltr'>ex</span> <span class='ocrx_word' id='word_1_58' title='bbox 140 607 229 657; x_wconf 86' lang='lat' dir='ltr'>suga</span> <span class='ocrx_word' id='word_1_59' title='bbox 249 608 530 656; x_wconf 78' lang='lat' dir='ltr'>receptaculum</span> <span class='ocrx_word' id='word_1_60' title='bbox 550 614 659 645; x_wconf 88' lang='lat' dir='ltr'>esset.</span> <span class='ocrx_word' id='word_1_61' title='bbox 716 607 859 656; x_wconf 84' lang='lat' dir='ltr'>Oppidi</span> <span class='ocrx_word' id='word_1_62' title='bbox 879 607 1163 656; x_wconf 82' lang='lat' dir='ltr'>oppugnatione</span> <span class='ocrx_word' id='word_1_63' title='bbox 1183 607 1320 644; x_wconf 90' lang='lat' dir='ltr'>tribuni</span> <span class='ocrx_word' id='word_1_64' title='bbox 1335 612 1352 641; x_wconf 85' lang='lat'>3</span> 
     </span>
     <span class='ocr_line' id='line_1_9' title="bbox 72 671 1321 723; baseline 0 -14"><span class='ocrx_word' id='word_1_65' title='bbox 72 673 296 719; x_wconf 84' lang='lat' dir='ltr'>abstinuere,</span> <span class='ocrx_word' id='word_1_66' title='bbox 317 674 405 723; x_wconf 91' lang='lat' dir='ltr'>quia</span> <span class='ocrx_word' id='word_1_67' title='bbox 425 680 462 711; x_wconf 91' lang='lat' dir='ltr'>et</span> <span class='ocrx_word' id='word_1_68' title='bbox 482 686 624 723; x_wconf 86' lang='lat' dir='ltr'>anceps</span> <span class='ocrx_word' id='word_1_69' title='bbox 651 680 731 710; x_wconf 89' lang='lat' dir='ltr'>erat</span> <span class='ocrx_word' id='word_1_70' title='bbox 757 685 828 710; x_wconf 90' lang='lat' dir='ltr'>nec</span> <span class='ocrx_word' id='word_1_71' title='bbox 856 673 894 709; x_wconf 92' lang='lat' dir='ltr'>in</span> <span class='ocrx_word' id='word_1_72' title='bbox 921 673 1127 722; x_wconf 89' lang='lat' dir='ltr'>perniciem</span> <span class='ocrx_word' id='word_1_73' title='bbox 1148 671 1321 710; x_wconf 89' lang='lat' dir='ltr'>coloniae</span> 
     </span>
     <span class='ocr_line' id='line_1_10' title="bbox 71 738 1320 788; baseline 0 -13"><span class='ocrx_word' id='word_1_74' title='bbox 71 739 322 788; x_wconf 86' lang='lat' dir='ltr'>pugnandum</span> <span class='ocrx_word' id='word_1_75' title='bbox 345 741 563 777; x_wconf 81' lang='lat' dir='ltr'>censebant.</span> <span class='ocrx_word' id='word_1_76' title='bbox 609 738 771 777; x_wconf 76' lang='lat' dir='ltr'>Litterae</span> <span class='ocrx_word' id='word_1_77' title='bbox 793 738 960 776; x_wconf 92' lang='lat' dir='ltr'>Romam</span> <span class='ocrx_word' id='word_1_78' title='bbox 977 739 1025 775; x_wconf 89' lang='lat' dir='ltr'>ad</span> <span class='ocrx_word' id='word_1_79' title='bbox 1041 745 1215 776; x_wconf 86' lang='lat' dir='ltr'>senatum</span> <span class='ocrx_word' id='word_1_80' title='bbox 1232 750 1320 775; x_wconf 87' lang='lat' dir='ltr'>cum</span> 
     </span>
     <span class='ocr_line' id='line_1_11' title="bbox 72 803 1319 853; baseline -0.001 -13"><span class='ocrx_word' id='word_1_81' title='bbox 72 804 248 841; x_wconf 89' lang='lat' dir='ltr'>victoriae</span> <span class='ocrx_word' id='word_1_82' title='bbox 273 805 415 842; x_wconf 89' lang='lat' dir='ltr'>nuntiis</span> <span class='ocrx_word' id='word_1_83' title='bbox 439 805 606 842; x_wconf 87' lang='lat' dir='ltr'>acriores</span> <span class='ocrx_word' id='word_1_84' title='bbox 632 805 670 841; x_wconf 94' lang='lat' dir='ltr'>in</span> <span class='ocrx_word' id='word_1_85' title='bbox 698 804 986 842; x_wconf 89' lang='lat' dir='ltr'>Praenestinum</span> <span class='ocrx_word' id='word_1_86' title='bbox 1017 816 1133 853; x_wconf 84' lang='lat' dir='ltr'>quam</span> <span class='ocrx_word' id='word_1_87' title='bbox 1157 804 1195 840; x_wconf 90' lang='lat' dir='ltr'>in</span> <span class='ocrx_word' id='word_1_88' title='bbox 1215 803 1319 840; x_wconf 86' lang='lat' dir='ltr'>Veli-</span> 
     </span>
    </p>

    <p class='ocr_par' dir='ltr' id='par_1_6' title="bbox 72 869 1352 919">
     <span class='ocr_line' id='line_1_12' title="bbox 72 869 1352 919; baseline 0.002 -14"><span class='ocrx_word' id='word_1_89' title='bbox 72 877 221 906; x_wconf 83' lang='lat' dir='ltr'>ternum</span> <span class='ocrx_word' id='word_1_90' title='bbox 240 869 389 907; x_wconf 83' lang='lat' dir='ltr'>hostem</span> <span class='ocrx_word' id='word_1_91' title='bbox 408 870 559 908; x_wconf 80' lang='lat' dir='ltr'>missae.</span> <span class='ocrx_word' id='word_1_92' title='bbox 617 870 752 919; x_wconf 80' lang='lat' dir='ltr'>Itaque</span> <span class='ocrx_word' id='word_1_93' title='bbox 772 882 819 906; x_wconf 82' lang='lat' dir='ltr'>ex</span> <span class='ocrx_word' id='word_1_94' title='bbox 835 876 987 906; x_wconf 84' lang='lat' dir='ltr'>senatus</span> <span class='ocrx_word' id='word_1_95' title='bbox 1003 869 1178 906; x_wconf 90' lang='lat' dir='ltr'>consulto</span> <span class='ocrx_word' id='word_1_96' title='bbox 1198 881 1320 918; x_wconf 91' lang='lat' dir='ltr'>popu·</span> <span class='ocrx_word' id='word_1_97' title='bbox 1334 877 1352 907; x_wconf 86' lang='lat'>4</span> 
     </span>
    </p>

    <p class='ocr_par' dir='ltr' id='par_1_7' title="bbox 72 934 1322 984">
     <span class='ocr_line' id='line_1_13' title="bbox 72 934 1322 984; baseline -0.001 -13"><span class='ocrx_word' id='word_1_98' title='bbox 72 934 172 984; x_wconf 90' lang='lat' dir='ltr'>lique</span> <span class='ocrx_word' id='word_1_99' title='bbox 205 935 309 972; x_wconf 88' lang='lat' dir='ltr'>iussu</span> <span class='ocrx_word' id='word_1_100' title='bbox 339 935 483 972; x_wconf 90' lang='lat' dir='ltr'>bellum</span> <span class='ocrx_word' id='word_1_101' title='bbox 511 935 766 973; x_wconf 87' lang='lat' dir='ltr'>Praenestinis</span> <span class='ocrx_word' id='word_1_102' title='bbox 793 935 1005 980; x_wconf 82' lang='lat' dir='ltr'>indictum3</span> <span class='ocrx_word' id='word_1_103' title='bbox 1037 935 1100 983; x_wconf 91' lang='lat' dir='ltr'>qui</span> <span class='ocrx_word' id='word_1_104' title='bbox 1127 935 1322 972; x_wconf 91' lang='lat' dir='ltr'>coniuncti</span> 
     </span>
    </p>

    <p class='ocr_par' dir='ltr' id='par_1_8' title="bbox 71 999 1322 1051">
     <span class='ocr_line' id='line_1_14' title="bbox 71 999 1322 1051; baseline 0 -15"><span class='ocrx_word' id='word_1_105' title='bbox 71 999 222 1038; x_wconf 91' lang='lat' dir='ltr'>Volscis</span> <span class='ocrx_word' id='word_1_106' title='bbox 242 1013 345 1038; x_wconf 91' lang='lat' dir='ltr'>anno</span> <span class='ocrx_word' id='word_1_107' title='bbox 375 1002 597 1051; x_wconf 87' lang='lat' dir='ltr'>insequente</span> <span class='ocrx_word' id='word_1_108' title='bbox 629 1000 828 1045; x_wconf 84' lang='lat' dir='ltr'>Satricum,</span> <span class='ocrx_word' id='word_1_109' title='bbox 859 1000 1050 1038; x_wconf 89' lang='lat' dir='ltr'>coloniam</span> <span class='ocrx_word' id='word_1_110' title='bbox 1079 1000 1211 1049; x_wconf 89' lang='lat' dir='ltr'>populi</span> <span class='ocrx_word' id='word_1_111' title='bbox 1242 999 1322 1037; x_wconf 93' lang='lat' dir='ltr'>Ro-</span> 
     </span>
    </p>

    <p class='ocr_par' dir='ltr' id='par_1_9' title="bbox 71 1065 1608 1498">
     <span class='ocr_line' id='line_1_15' title="bbox 71 1065 1320 1115; baseline 0 -13"><span class='ocrx_word' id='word_1_112' title='bbox 71 1065 186 1111; x_wconf 88' lang='lat' dir='ltr'>mani,</span> <span class='ocrx_word' id='word_1_113' title='bbox 226 1066 466 1115; x_wconf 83' lang='lat' dir='ltr'>pertinaciter</span> <span class='ocrx_word' id='word_1_114' title='bbox 499 1079 521 1103; x_wconf 90' lang='lat' dir='ltr'>a</span> <span class='ocrx_word' id='word_1_115' title='bbox 553 1066 701 1104; x_wconf 91' lang='lat' dir='ltr'>colonis</span> <span class='ocrx_word' id='word_1_116' title='bbox 739 1065 944 1111; x_wconf 84' lang='lat' dir='ltr'>defensam,</span> <span class='ocrx_word' id='word_1_117' title='bbox 979 1066 1014 1101; x_wconf 89' lang='lat' dir='ltr'>vi</span> <span class='ocrx_word' id='word_1_118' title='bbox 1053 1072 1320 1114; x_wconf 81' lang='lat' dir='ltr'>expugnarunt</span> 
     </span>
     <span class='ocr_line' id='line_1_16' title="bbox 72 1130 1524 1181; baseline 0 -13"><span class='ocrx_word' id='word_1_119' title='bbox 72 1130 258 1181; x_wconf 84' lang='lat' dir='ltr'>foedeque</span> <span class='ocrx_word' id='word_1_120' title='bbox 285 1132 325 1168; x_wconf 91' lang='lat' dir='ltr'>in</span> <span class='ocrx_word' id='word_1_121' title='bbox 352 1132 470 1181; x_wconf 86' lang='lat' dir='ltr'>captis</span> <span class='ocrx_word' id='word_1_122' title='bbox 497 1144 702 1169; x_wconf 83' lang='lat' dir='ltr'>exercuere</span> <span class='ocrx_word' id='word_1_123' title='bbox 722 1132 929 1169; x_wconf 89' lang='lat' dir='ltr'>victoriam.</span> <span class='ocrx_word' id='word_1_124' title='bbox 985 1130 1084 1168; x_wconf 88' lang='lat' dir='ltr'>Eam</span> <span class='ocrx_word' id='word_1_125' title='bbox 1109 1143 1189 1168; x_wconf 89' lang='lat' dir='ltr'>rem</span> <span class='ocrx_word' id='word_1_126' title='bbox 1209 1143 1321 1180; x_wconf 80' lang='lat' dir='ltr'>aegre</span> <span class='ocrx_word' id='word_1_127' title='bbox 1335 1141 1417 1169; x_wconf 60' lang='lat' dir='ltr'>ac.</span> <span class='ocrx_word' id='word_1_128' title='bbox 1434 1141 1524 1168; x_wconf 79' lang='lat'>381.</span> 
     </span>
     <span class='ocr_line' id='line_1_17' title="bbox 72 1190 1353 1246; baseline -0.001 -13"><span class='ocrx_word' id='word_1_129' title='bbox 72 1197 173 1246; x_wconf 90' lang='lat' dir='ltr'>passi</span> <span class='ocrx_word' id='word_1_130' title='bbox 212 1196 380 1234; x_wconf 90' lang='lat' dir='ltr'>Romani</span> <span class='ocrx_word' id='word_1_131' title='bbox 419 1196 474 1234; x_wconf 87' lang='lat' dir='ltr'>M.</span> <span class='ocrx_word' id='word_1_132' title='bbox 507 1197 666 1234; x_wconf 90' lang='lat' dir='ltr'>Furium</span> <span class='ocrx_word' id='word_1_133' title='bbox 699 1197 908 1235; x_wconf 84' lang='lat' dir='ltr'>Camillum</span> <span class='ocrx_word' id='word_1_134' title='bbox 942 1203 1092 1235; x_wconf 74' lang='lat' dir='ltr'>sextum</span> <span class='ocrx_word' id='word_1_135' title='bbox 1126 1190 1353 1233; x_wconf 88' lang='lat' dir='ltr'>tribunum5</span> 
     </span>
     <span class='ocr_line' id='line_1_18' title="bbox 72 1262 1321 1312; baseline 0 -14"><span class='ocrx_word' id='word_1_136' title='bbox 72 1262 234 1299; x_wconf 89' lang='lat' dir='ltr'>militum</span> <span class='ocrx_word' id='word_1_137' title='bbox 273 1275 457 1300; x_wconf 80' lang='lat' dir='ltr'>creavere.</span> <span class='ocrx_word' id='word_1_138' title='bbox 514 1263 646 1301; x_wconf 91' lang='lat' dir='ltr'>Additi</span> <span class='ocrx_word' id='word_1_139' title='bbox 684 1263 853 1312; x_wconf 86' lang='lat' dir='ltr'>collegae</span> <span class='ocrx_word' id='word_1_140' title='bbox 891 1263 938 1300; x_wconf 90' lang='lat' dir='ltr'>A.</span> <span class='ocrx_word' id='word_1_141' title='bbox 980 1270 1016 1300; x_wconf 90' lang='lat' dir='ltr'>et</span> <span class='ocrx_word' id='word_1_142' title='bbox 1055 1262 1098 1299; x_wconf 92' lang='lat' dir='ltr'>L.</span> <span class='ocrx_word' id='word_1_143' title='bbox 1137 1262 1321 1299; x_wconf 89' lang='lat' dir='ltr'>Postumii</span> 
     </span>
     <span class='ocr_line' id='line_1_19' title="bbox 74 1326 1620 1391; baseline 0.001 -27"><span class='ocrx_word' id='word_1_144' title='bbox 74 1326 313 1377; x_wconf 85' lang='lat' dir='ltr'>Regillenses</span> <span class='ocrx_word' id='word_1_145' title='bbox 342 1341 386 1366; x_wconf 83' lang='lat' dir='ltr'>ac</span> <span class='ocrx_word' id='word_1_146' title='bbox 416 1328 460 1365; x_wconf 94' lang='lat' dir='ltr'>L.</span> <span class='ocrx_word' id='word_1_147' title='bbox 482 1328 619 1366; x_wconf 89' lang='lat' dir='ltr'>Furius</span> <span class='ocrx_word' id='word_1_148' title='bbox 648 1341 737 1367; x_wconf 90' lang='lat' dir='ltr'>cum</span> <span class='ocrx_word' id='word_1_149' title='bbox 767 1329 810 1366; x_wconf 91' lang='lat' dir='ltr'>L.</span> <span class='ocrx_word' id='word_1_150' title='bbox 841 1328 1019 1366; x_wconf 90' lang='lat' dir='ltr'>Lucretio</span> <span class='ocrx_word' id='word_1_151' title='bbox 1048 1335 1084 1366; x_wconf 89' lang='lat' dir='ltr'>et</span> <span class='ocrx_word' id='word_1_152' title='bbox 1114 1327 1170 1365; x_wconf 78' lang='lat' dir='ltr'>M.</span> <span class='ocrx_word' id='word_1_153' title='bbox 1200 1327 1321 1365; x_wconf 84' lang='lat' dir='ltr'>Fabio</span> <span class='ocrx_word' id='word_1_154' title='bbox 1401 1355 1448 1391; x_wconf 59' lang='lat'>&#39;⁸&#39;</span> <span class='ocrx_word' id='word_1_155' title='bbox 1458 1368 1521 1388; x_wconf 45' lang='lat' dir='ltr'><em>m</em></span> <span class='ocrx_word' id='word_1_156' title='bbox 1531 1370 1620 1386; x_wconf 42' lang='grc' dir='ltr'>Μ.</span> 
     </span>
     <span class='ocr_line' id='line_1_20' title="bbox 72 1378 1588 1444; baseline -0.002 -14"><span class='ocrx_word' id='word_1_157' title='bbox 72 1393 276 1431; x_wconf 89' lang='lat' dir='ltr'>Ambusto.</span> <span class='ocrx_word' id='word_1_158' title='bbox 350 1393 537 1432; x_wconf 87' lang='lat' dir='ltr'>Volscum</span> <span class='ocrx_word' id='word_1_159' title='bbox 577 1394 719 1432; x_wconf 91' lang='lat' dir='ltr'>bellum</span> <span class='ocrx_word' id='word_1_160' title='bbox 758 1393 813 1431; x_wconf 87' lang='lat' dir='ltr'>M.</span> <span class='ocrx_word' id='word_1_161' title='bbox 852 1394 966 1432; x_wconf 89' lang='lat' dir='ltr'>Furio</span> <span class='ocrx_word' id='word_1_162' title='bbox 1003 1402 1109 1431; x_wconf 79' lang='lat' dir='ltr'>extra</span> <span class='ocrx_word' id='word_1_163' title='bbox 1147 1378 1407 1439; x_wconf 49' lang='lat' dir='ltr'>ordinenffiss</span> <span class='ocrx_word' id='word_1_164' title='bbox 1430 1392 1588 1444; x_wconf 32' lang='lat' dir='ltr'>saffo-0</span> 
     </span>
     <span class='ocr_line' id='line_1_21' title="bbox 73 1459 1320 1506; baseline 0 -10"><span class='ocrx_word' id='word_1_165' title='bbox 73 1459 289 1505; x_wconf 88' lang='lat' dir='ltr'>decretum;</span> <span class='ocrx_word' id='word_1_166' title='bbox 321 1459 472 1496; x_wconf 88' lang='lat' dir='ltr'>adiutor</span> <span class='ocrx_word' id='word_1_167' title='bbox 491 1471 538 1497; x_wconf 84' lang='lat' dir='ltr'>ex</span> <span class='ocrx_word' id='word_1_168' title='bbox 565 1460 724 1497; x_wconf 89' lang='lat' dir='ltr'>tribunis</span> <span class='ocrx_word' id='word_1_169' title='bbox 750 1467 850 1498; x_wconf 91' lang='lat' dir='ltr'>sorte</span> <span class='ocrx_word' id='word_1_170' title='bbox 878 1459 922 1498; x_wconf 90' lang='lat' dir='ltr'>L.</span> <span class='ocrx_word' id='word_1_171' title='bbox 944 1460 1080 1497; x_wconf 88' lang='lat' dir='ltr'>Furius</span> <span class='ocrx_word' id='word_1_172' title='bbox 1099 1459 1220 1506; x_wconf 89' lang='lat' dir='ltr'>datur,</span> <span class='ocrx_word' id='word_1_173' title='bbox 1241 1472 1320 1497; x_wconf 90' lang='lat' dir='ltr'>non</span> 
     </span>
    </p>

    <p class='ocr_par' dir='ltr' id='par_1_10' title="bbox 73 1520 1320 1596">
     <span class='ocr_line' id='line_1_22' title="bbox 73 1520 1320 1596; baseline 0.001 -36"><span class='ocrx_word' id='word_1_174' title='bbox 73 1531 152 1560; x_wconf 90' lang='lat' dir='ltr'>tam</span> <span class='ocrx_word' id='word_1_175' title='bbox 181 1536 202 1561; x_wconf 90' lang='lat' dir='ltr'>e</span> <span class='ocrx_word' id='word_1_176' title='bbox 230 1536 270 1561; x_wconf 89' lang='lat' dir='ltr'>re</span> <span class='ocrx_word' id='word_1_177' title='bbox 283 1524 463 1596; x_wconf 55' lang='lat' dir='ltr'>publica,</span> <span class='ocrx_word' id='word_1_178' title='bbox 484 1537 602 1575; x_wconf 91' lang='lat' dir='ltr'>quam</span> <span class='ocrx_word' id='word_1_179' title='bbox 630 1520 671 1562; x_wconf 84' lang='lat' dir='ltr'>ut</span> <span class='ocrx_word' id='word_1_180' title='bbox 700 1526 870 1574; x_wconf 88' lang='lat' dir='ltr'>collegae</span> <span class='ocrx_word' id='word_1_181' title='bbox 900 1526 1058 1562; x_wconf 87' lang='lat' dir='ltr'>materia</span> <span class='ocrx_word' id='word_1_182' title='bbox 1087 1524 1135 1561; x_wconf 90' lang='lat' dir='ltr'>ad</span> <span class='ocrx_word' id='word_1_183' title='bbox 1163 1537 1320 1562; x_wconf 89' lang='lat' dir='ltr'>omnem</span> 
     </span>
    </p>

    <p class='ocr_par' dir='ltr' id='par_1_11' title="bbox 73 1579 1320 1639">
     <span class='ocr_line' id='line_1_23' title="bbox 73 1579 1320 1639; baseline 0.002 -14"><span class='ocrx_word' id='word_1_184' title='bbox 73 1588 225 1625; x_wconf 90' lang='lat' dir='ltr'>laudem</span> <span class='ocrx_word' id='word_1_185' title='bbox 253 1579 372 1635; x_wconf 76' lang='lat' dir='ltr'>es&#39;set‘,</span> <span class='ocrx_word' id='word_1_186' title='bbox 393 1596 430 1626; x_wconf 90' lang='lat' dir='ltr'>et</span> <span class='ocrx_word' id='word_1_187' title='bbox 458 1590 618 1639; x_wconf 89' lang='lat' dir='ltr'>publice,</span> <span class='ocrx_word' id='word_1_188' title='bbox 650 1590 755 1639; x_wconf 93' lang='lat' dir='ltr'>quod</span> <span class='ocrx_word' id='word_1_189' title='bbox 783 1602 863 1627; x_wconf 89' lang='lat' dir='ltr'>rem</span> <span class='ocrx_word' id='word_1_190' title='bbox 892 1590 1099 1627; x_wconf 85' lang='lat' dir='ltr'>temeritate</span> <span class='ocrx_word' id='word_1_191' title='bbox 1128 1590 1208 1627; x_wconf 91' lang='lat' dir='ltr'>eius</span> <span class='ocrx_word' id='word_1_192' title='bbox 1232 1602 1320 1639; x_wconf 92' lang='lat' dir='ltr'>pro-</span> 
     </span>
    </p>

    <p class='ocr_par' dir='ltr' id='par_1_12' title="bbox 73 1654 1320 1705">
     <span class='ocr_line' id='line_1_24' title="bbox 73 1654 1320 1705; baseline 0.001 -15"><span class='ocrx_word' id='word_1_193' title='bbox 73 1654 220 1703; x_wconf 88' lang='lat' dir='ltr'>lapsam</span> <span class='ocrx_word' id='word_1_194' title='bbox 239 1654 408 1700; x_wconf 87' lang='lat' dir='ltr'>restituit,</span> <span class='ocrx_word' id='word_1_195' title='bbox 430 1662 466 1692; x_wconf 90' lang='lat' dir='ltr'>et</span> <span class='ocrx_word' id='word_1_196' title='bbox 485 1656 669 1704; x_wconf 89' lang='lat' dir='ltr'>privatim,</span> <span class='ocrx_word' id='word_1_197' title='bbox 683 1655 790 1704; x_wconf 91' lang='lat' dir='ltr'>quod</span> <span class='ocrx_word' id='word_1_198' title='bbox 810 1668 857 1693; x_wconf 80' lang='lat' dir='ltr'>ex</span> <span class='ocrx_word' id='word_1_199' title='bbox 875 1667 1001 1693; x_wconf 89' lang='lat' dir='ltr'>errore</span> <span class='ocrx_word' id='word_1_200' title='bbox 1017 1656 1178 1705; x_wconf 85' lang='lat' dir='ltr'>gratiam</span> <span class='ocrx_word' id='word_1_201' title='bbox 1193 1655 1320 1704; x_wconf 88' lang='lat' dir='ltr'>potius</span> 
     </span>
    </p>

    <p class='ocr_par' dir='ltr' id='par_1_13' title="bbox 71 1719 1351 1771">
     <span class='ocr_line' id='line_1_25' title="bbox 71 1719 1351 1771; baseline 0 -15"><span class='ocrx_word' id='word_1_202' title='bbox 71 1720 153 1757; x_wconf 91' lang='lat' dir='ltr'>eius</span> <span class='ocrx_word' id='word_1_203' title='bbox 172 1719 242 1756; x_wconf 90' lang='lat' dir='ltr'>sibi</span> <span class='ocrx_word' id='word_1_204' title='bbox 262 1732 380 1770; x_wconf 89' lang='lat' dir='ltr'>quam</span> <span class='ocrx_word' id='word_1_205' title='bbox 404 1732 514 1758; x_wconf 86' lang='lat' dir='ltr'>suam</span> <span class='ocrx_word' id='word_1_206' title='bbox 537 1721 698 1771; x_wconf 87' lang='lat' dir='ltr'>glon&#39;am</span> <span class='ocrx_word' id='word_1_207' title='bbox 724 1722 838 1771; x_wconf 89' lang='lat' dir='ltr'>petiit.</span> <span class='ocrx_word' id='word_1_208' title='bbox 896 1721 1066 1759; x_wconf 80' lang='lat' dir='ltr'>Exactae</span> <span class='ocrx_word' id='word_1_209' title='bbox 1092 1721 1169 1758; x_wconf 88' lang='lat' dir='ltr'>iam</span> <span class='ocrx_word' id='word_1_210' title='bbox 1188 1721 1319 1757; x_wconf 87' lang='lat' dir='ltr'>aetatis</span> <span class='ocrx_word' id='word_1_211' title='bbox 1334 1733 1351 1764; x_wconf 78' lang='lat'><em>7</em></span> 
     </span>
    </p>

    <p class='ocr_par' dir='ltr' id='par_1_14' title="bbox 73 1784 1321 1838">
     <span class='ocr_line' id='line_1_26' title="bbox 73 1784 1321 1838; baseline 0 -15"><span class='ocrx_word' id='word_1_212' title='bbox 73 1784 257 1823; x_wconf 90' lang='lat' dir='ltr'>Camillus</span> <span class='ocrx_word' id='word_1_213' title='bbox 285 1792 375 1832; x_wconf 91' lang='lat' dir='ltr'>erat,</span> <span class='ocrx_word' id='word_1_214' title='bbox 405 1787 646 1837; x_wconf 89' lang='lat' dir='ltr'>comitiisque</span> <span class='ocrx_word' id='word_1_215' title='bbox 675 1789 797 1826; x_wconf 89' lang='lat' dir='ltr'>iurare</span> <span class='ocrx_word' id='word_1_216' title='bbox 827 1795 960 1838; x_wconf 86' lang='lat' dir='ltr'>parato</span> <span class='ocrx_word' id='word_1_217' title='bbox 989 1789 1028 1825; x_wconf 91' lang='lat' dir='ltr'>in</span> <span class='ocrx_word' id='word_1_218' title='bbox 1048 1788 1162 1825; x_wconf 81' lang='lat' dir='ltr'>verba</span> <span class='ocrx_word' id='word_1_219' title='bbox 1185 1798 1321 1824; x_wconf 79' lang='lat' dir='ltr'>excus-</span> 
     </span>
    </p>

    <p class='ocr_par' dir='ltr' id='par_1_15' title="bbox 73 1850 1322 1905">
     <span class='ocr_line' id='line_1_27' title="bbox 73 1850 1322 1905; baseline 0.004 -19"><span class='ocrx_word' id='word_1_220' title='bbox 73 1850 195 1887; x_wconf 87' lang='lat' dir='ltr'>andae</span> <span class='ocrx_word' id='word_1_221' title='bbox 225 1850 428 1889; x_wconf 88' lang='lat' dir='ltr'>valetudini</span> <span class='ocrx_word' id='word_1_222' title='bbox 462 1852 573 1890; x_wconf 86' lang='lat' dir='ltr'>solita</span> <span class='ocrx_word' id='word_1_223' title='bbox 604 1866 815 1892; x_wconf 90' lang='lat' dir='ltr'>consensus</span> <span class='ocrx_word' id='word_1_224' title='bbox 853 1855 984 1905; x_wconf 89' lang='lat' dir='ltr'>populi</span> <span class='ocrx_word' id='word_1_225' title='bbox 1016 1854 1219 1898; x_wconf 84' lang='lat' dir='ltr'>restiterat;</span> <span class='ocrx_word' id='word_1_226' title='bbox 1255 1853 1322 1891; x_wconf 91' lang='lat' dir='ltr'>sed</span> 
     </span>
    </p>

    <p class='ocr_par' dir='ltr' id='par_1_16' title="bbox 72 1916 1321 1970">
     <span class='ocr_line' id='line_1_28' title="bbox 72 1916 1321 1970; baseline 0.004 -19"><span class='ocrx_word' id='word_1_227' title='bbox 72 1922 248 1965; x_wconf 86' lang='lat' dir='ltr'>vegetum</span> <span class='ocrx_word' id='word_1_228' title='bbox 277 1916 478 1966; x_wconf 86' lang='lat' dir='ltr'>ingenium</span> <span class='ocrx_word' id='word_1_229' title='bbox 506 1919 545 1955; x_wconf 92' lang='lat' dir='ltr'>in</span> <span class='ocrx_word' id='word_1_230' title='bbox 573 1919 698 1957; x_wconf 71' lang='lat' dir='ltr'>w’vido</span> <span class='ocrx_word' id='word_1_231' title='bbox 726 1928 878 1970; x_wconf 89' lang='lat' dir='ltr'>pectore</span> <span class='ocrx_word' id='word_1_232' title='bbox 908 1921 1068 1969; x_wconf 87' lang='lat' dir='ltr'>vigebat,</span> <span class='ocrx_word' id='word_1_233' title='bbox 1099 1919 1321 1968; x_wconf 80' lang='lat' dir='ltr'>virebatque</span> 
     </span>
    </p>

    <p class='ocr_par' dir='ltr' id='par_1_17' title="bbox 71 1981 1320 2034">
     <span class='ocr_line' id='line_1_29' title="bbox 71 1981 1320 2034; baseline 0.002 -16"><span class='ocrx_word' id='word_1_234' title='bbox 71 1981 227 2030; x_wconf 87' lang='lat' dir='ltr'>integris</span> <span class='ocrx_word' id='word_1_235' title='bbox 268 1982 454 2029; x_wconf 90' lang='lat' dir='ltr'>sensibus,</span> <span class='ocrx_word' id='word_1_236' title='bbox 491 1991 528 2021; x_wconf 90' lang='lat' dir='ltr'>et</span> <span class='ocrx_word' id='word_1_237' title='bbox 567 1985 692 2022; x_wconf 86' lang='lat' dir='ltr'>civiles</span> <span class='ocrx_word' id='word_1_238' title='bbox 730 1986 806 2022; x_wconf 89' lang='lat' dir='ltr'>iam</span> <span class='ocrx_word' id='word_1_239' title='bbox 848 1998 908 2023; x_wconf 90' lang='lat' dir='ltr'>res</span> <span class='ocrx_word' id='word_1_240' title='bbox 946 1985 1049 2022; x_wconf 87' lang='lat' dir='ltr'>haud</span> <span class='ocrx_word' id='word_1_241' title='bbox 1087 1996 1320 2034; x_wconf 90' lang='lat' dir='ltr'>magnopere</span> 
     </span>
    </p>

    <p class='ocr_par' dir='ltr' id='par_1_18' title="bbox 71 2046 1352 2100">
     <span class='ocr_line' id='line_1_30' title="bbox 71 2046 1352 2100; baseline 0.005 -16"><span class='ocrx_word' id='word_1_242' title='bbox 71 2046 279 2084; x_wconf 89' lang='lat' dir='ltr'>obeuntem</span> <span class='ocrx_word' id='word_1_243' title='bbox 315 2048 416 2086; x_wconf 86' lang='lat' dir='ltr'>bella</span> <span class='ocrx_word' id='word_1_244' title='bbox 453 2049 679 2087; x_wconf 80' lang='lat' dir='ltr'>excitabant.</span> <span class='ocrx_word' id='word_1_245' title='bbox 742 2051 935 2097; x_wconf 88' lang='lat' dir='ltr'>Quattuor</span> <span class='ocrx_word' id='word_1_246' title='bbox 973 2051 1187 2100; x_wconf 82' lang='lat' dir='ltr'>legionibus</span> <span class='ocrx_word' id='word_1_247' title='bbox 1225 2062 1352 2100; x_wconf 82' lang='lat' dir='ltr'>qua-8</span> 
     </span>
    </p>

    <p class='ocr_par' dir='ltr' id='par_1_19' title="bbox 71 2113 1321 2166">
     <span class='ocr_line' id='line_1_31' title="bbox 71 2113 1321 2166; baseline 0.003 -18"><span class='ocrx_word' id='word_1_248' title='bbox 71 2118 222 2149; x_wconf 89' lang='lat' dir='ltr'>ternum</span> <span class='ocrx_word' id='word_1_249' title='bbox 241 2113 402 2151; x_wconf 90' lang='lat' dir='ltr'>millium</span> <span class='ocrx_word' id='word_1_250' title='bbox 422 2115 578 2165; x_wconf 88' lang='lat' dir='ltr'>scriptis,</span> <span class='ocrx_word' id='word_1_251' title='bbox 599 2116 765 2153; x_wconf 85' lang='lat' dir='ltr'>exercitu</span> <span class='ocrx_word' id='word_1_252' title='bbox 785 2117 927 2154; x_wconf 90' lang='lat' dir='ltr'>indicto</span> <span class='ocrx_word' id='word_1_253' title='bbox 947 2117 995 2153; x_wconf 89' lang='lat' dir='ltr'>ad</span> <span class='ocrx_word' id='word_1_254' title='bbox 1015 2124 1163 2165; x_wconf 88' lang='lat' dir='ltr'>portam</span> <span class='ocrx_word' id='word_1_255' title='bbox 1182 2116 1321 2166; x_wconf 91' lang='lat' dir='ltr'>Esqui-</span> 
     </span>
    </p>

    <p class='ocr_par' dir='ltr' id='par_1_20' title="bbox 71 2176 1351 2298">
     <span class='ocr_line' id='line_1_32' title="bbox 71 2176 1351 2231; baseline 0.002 -19"><span class='ocrx_word' id='word_1_256' title='bbox 71 2176 190 2213; x_wconf 90' lang='lat' dir='ltr'>linam</span> <span class='ocrx_word' id='word_1_257' title='bbox 209 2177 248 2214; x_wconf 92' lang='lat' dir='ltr'>in</span> <span class='ocrx_word' id='word_1_258' title='bbox 266 2185 459 2227; x_wconf 88' lang='lat' dir='ltr'>posteram</span> <span class='ocrx_word' id='word_1_259' title='bbox 480 2180 592 2227; x_wconf 89' lang='lat' dir='ltr'>diem,</span> <span class='ocrx_word' id='word_1_260' title='bbox 614 2181 664 2218; x_wconf 88' lang='lat' dir='ltr'>ad</span> <span class='ocrx_word' id='word_1_261' title='bbox 686 2180 871 2218; x_wconf 86' lang='lat' dir='ltr'>Satricum</span> <span class='ocrx_word' id='word_1_262' title='bbox 891 2181 1093 2231; x_wconf 87' lang='lat' dir='ltr'>profectus.</span> <span class='ocrx_word' id='word_1_263' title='bbox 1150 2181 1209 2218; x_wconf 92' lang='lat' dir='ltr'>Ibi</span> <span class='ocrx_word' id='word_1_264' title='bbox 1231 2193 1320 2218; x_wconf 90' lang='lat' dir='ltr'>eum</span> <span class='ocrx_word' id='word_1_265' title='bbox 1333 2188 1351 2215; x_wconf 83' lang='grc'>9</span> 
     </span>
     <span class='ocr_line' id='line_1_33' title="bbox 71 2244 1321 2298; baseline 0.003 -19"><span class='ocrx_word' id='word_1_266' title='bbox 71 2249 352 2293; x_wconf 86' lang='lat' dir='ltr'>expugnatores</span> <span class='ocrx_word' id='word_1_267' title='bbox 389 2244 565 2283; x_wconf 89' lang='lat' dir='ltr'>coloniae</span> <span class='ocrx_word' id='word_1_268' title='bbox 608 2245 909 2298; x_wconf 89' lang='lat' dir='ltr'>haudquaquam</span> <span class='ocrx_word' id='word_1_269' title='bbox 945 2247 1121 2297; x_wconf 88' lang='lat' dir='ltr'>perculsi,</span> <span class='ocrx_word' id='word_1_270' title='bbox 1161 2246 1321 2284; x_wconf 86' lang='lat' dir='ltr'>fidentes</span> 
     </span>
    </p>
   </div>
  </div>
 </body>
</html>
