1637 2554
114 133 214 165 THE
242 131 397 164 GAULS
417 130 567 162 MAKE
591 129 844 161 ALLJANCE
871 127 1011 160 WITH
1032 127 1194 159 TJBUR.
1256 119 1328 158 181

80 253 146 278 cur
182 239 360 290 proximo
398 249 502 275 anno
538 236 581 275 C.
617 236 808 274 Poetelius
847 235 990 273 Balbus
1029 234 1174 279 consul,
1215 246 1332 283 quum
1350 244 1540 272 n.c.360.

80 306 250 355 collegae
277 305 357 342 eius
381 303 437 340 M.
457 303 578 340 Fabio
601 302 794 339 Ambusto
823 301 982 339 Hernici
1007 301 1199 351 provincia
1222 312 1333 337 even-

81 373 181 417 isset,
204 370 383 407 adversus
414 368 596 405 Tiburtes
628 368 732 405 iussu
765 367 898 417 populi
929 366 1139 404 exercitum
1170 365 1334 403 duceret.

80 437 142 474 Ad
161 447 324 486 quorum
349 434 532 472 auxilium
557 445 676 483 quum
702 432 803 471 Galli
829 445 876 470 cx
898 431 1114 481 Campania
1136 430 1332 475 redissent,
1348 440 1366 470 3

81 502 213 540 foedae
233 500 500 551 populationes
521 500 560 536 in
581 499 774 537 Lavicano
795 498 1097 546 Tusculanoque
1123 502 1159 534 et
1179 496 1334 533 Albano

80 579 172 617 agro
193 567 297 604 haud
317 566 430 603 dubie
451 565 675 602 Tiburtibus
696 564 856 601 (lucibus
880 570 966 600 sunt
990 562 1123 608 factae,
1144 568 1192 608 et,
1215 574 1334 611 quum
1349 573 1367 602 4

81 633 258 671 adversus
296 631 498 668 Tiburtem
535 630 687 668 hostem
728 630 825 667 duce
863 628 1021 667 consule
1056 634 1238 666 contenta
1277 639 1336 664 res

80 699 232 749 publica
257 704 368 743 esset,
392 696 562 735 Gallicus
585 695 771 733 tumultus
796 695 1019 732 dictatorem
1049 694 1169 732 creari
1198 693 1334 742 coegit.

81 764 241 802 Creatus
279 762 329 809 Q.
370 762 546 800 Servilius
584 761 711 798 Ahala
749 761 797 797 T.
837 760 1062 806 Quinctium
1110 759 1336 808 magistrum

81 830 251 880 equitum
285 828 389 873 dixit,
421 834 457 865 et
488 840 536 864 ex
570 827 794 864 auctoritate
828 832 990 875 patrum,
1026 825 1055 863 si
1085 836 1265 874 prospere
1299 823 1336 860 id

82 895 223 933 bellum
247 894 444 940 evenisset,
469 893 579 930 ludos
605 905 768 941 magnos
789 892 899 929 vovit.
956 890 1141 937 Dictator,
1169 890 1217 927 ad
1244 901 1336 927 con·
1352 895 1370 924 5

82 961 260 998 tinendos
288 960 443 1010 proprio
471 959 572 996 bello
607 958 788 995 Tiburtes
819 957 1008 995 consulari
1038 956 1205 994 exercitu
1234 956 1336 992 iusso

84 1038 250 1072 manere,
272 1037 408 1064 omnes
427 1025 604 1069 iuniores,
625 1023 732 1060 nullo
754 1022 986 1060 detrectante
1006 1021 1189 1066 militiam,
1212 1032 1337 1058 sacra-

82 1098 214 1130 mento
241 1092 379 1141 adegit.
436 1091 654 1141 Pugnatum
683 1088 786 1126 haud
811 1087 944 1138 procul
972 1093 1082 1137 porta
1104 1086 1255 1124 Collina
1282 1093 1370 1122 est6

82 1157 197 1195 totius
216 1157 355 1194 viribus
381 1156 496 1203 urbis,
518 1156 557 1193 in
583 1161 794 1204 conspectu
821 1159 1024 1204 parentum
1052 1153 1337 1201 coniugumque

83 1235 128 1260 ac
152 1223 378 1268 liberorum;
409 1234 506 1272 quae
535 1233 678 1270 magna
705 1221 817 1257 etiam
845 1219 1066 1257 absentibus
1095 1218 1337 1255 hortamenta

84 1289 199 1325 animi
218 1295 299 1325 tum
320 1288 489 1325 subiecta
502 1287 622 1325 oculis
635 1286 746 1324 simul
762 1285 988 1323 verecundia
1003 1284 1336 1332 misericordiaque

84 1354 242 1392 militem
266 1353 539 1390 accendebant.
597 1351 744 1401 Magna
769 1351 944 1401 utrinque
973 1351 1075 1388 edita
1095 1349 1212 1387 caede
1233 1361 1335 1386 aver·
1353 1355 1369 1386 7

84 1421 171 1457 titur
203 1419 359 1456 tandem
389 1419 489 1456 acies
521 1417 730 1456 Gallorum.
789 1416 899 1466 Fuga
929 1416 1055 1453 Tibur
1084 1415 1181 1453 sicut
1211 1427 1336 1451 arcem

84 1485 172 1522 belli
194 1484 329 1522 Gallici
348 1490 503 1534 petunt;
532 1483 646 1533 palati
668 1496 689 1520 a
709 1482 867 1521 consule
889 1482 1059 1520 Poetelio
1080 1480 1184 1518 haud
1204 1479 1338 1530 procul

85 1550 231 1588 Tibure
265 1549 424 1598 excepti,
451 1549 614 1598 egressis
644 1548 693 1585 ad
722 1561 836 1597 opem
867 1547 1066 1585 ferendam
1096 1546 1336 1590 Tiburtibus,

85 1615 196 1654 simul
225 1627 314 1653 cum
341 1615 385 1652 iis
410 1615 506 1652 intra
529 1620 658 1664 portas
682 1613 976 1663 compelluntur.
1029 1612 1196 1662 Egregie
1217 1623 1337 1660 quum
1354 1617 1371 1646 8

85 1683 133 1719 ab
163 1681 359 1727 dictatore,
391 1687 473 1717 tum
506 1680 555 1716 ab
586 1679 744 1716 consule
777 1691 837 1715 res
866 1685 973 1727 gesta
1001 1684 1067 1715 est.
1123 1677 1174 1714 Et
1203 1676 1338 1714 consul

86 1747 176 1784 alter
195 1746 335 1783 Fabius
354 1745 507 1795 proeliis
533 1745 699 1794 primum
725 1744 861 1793 parvis,
884 1750 1079 1793 postremo
1102 1754 1179 1779 una
1198 1742 1338 1790 insigni

86 1824 226 1862 pugna,
255 1823 375 1861 quum
403 1810 533 1848 hostes
557 1810 644 1847 totis
673 1809 795 1847 adorti
823 1809 945 1858 copiis
974 1814 1112 1853 essent,
1142 1808 1336 1845 Hernicos

86 1877 259 1915 devincit.
314 1876 501 1922 Dictator,
517 1875 739 1912 consulibus
760 1875 798 1911 in
819 1881 952 1912 senatu
973 1881 1008 1911 et
1030 1873 1131 1923 apud
1152 1873 1335 1923 populum
1351 1880 1368 1907 9

85 1942 288 1992 magnifice
302 1941 525 1979 collaudatis
545 1946 582 1978 et
601 1952 754 1977 suarum
775 1952 929 1989 quoque
943 1951 1068 1977 rerum
1089 1938 1161 1976 illis
1177 1939 1338 1976 remisso

86 2008 244 2052 honore,
261 2007 443 2045 dictatura
456 2019 497 2044 se
517 2006 715 2044 abdicavit.
772 2005 964 2042 Poetelius
985 2005 1032 2042 de
1053 2004 1174 2041 Gallis
1195 2004 1338 2041 Tibur-

85 2074 260 2122 tibusque
285 2073 479 2121 geminum
506 2071 739 2121 triumphum
760 2071 855 2120 egit;
887 2070 1009 2108 Fabio
1034 2070 1124 2107 satis
1144 2070 1277 2116 visum,
1298 2076 1338 2106 ut

86 2151 204 2176 ovans
216 2139 351 2176 urbem
364 2139 485 2175 iniret.
532 2137 692 2175 Irridere
708 2136 864 2174 Poetelii
879 2135 1114 2185 triumphum
1130 2135 1312 2173 Tiburtes
1327 2149 1334 2172 :
1353 2143 1392 2171 10

87 2204 151 2241 ubi
170 2204 272 2241 enim
287 2215 375 2241 eum
388 2215 517 2241 secum
537 2203 617 2241 acie
637 2202 880 2241 conflixisse?
931 2200 1173 2250 Spectatores
1193 2213 1338 2250 paucos

88 2269 199 2318 fugae
233 2269 568 2320 trepidationisque
599 2268 799 2307 Gallorum
836 2273 944 2306 extra
980 2273 1110 2316 portas
1149 2279 1335 2316 egreSSOS,
