1670 2532
286 134 341 182 64
645 141 774 183 LJVY,
805 141 942 174 BOOK
965 142 1003 174 V.
1030 145 1096 188 23,
1121 146 1186 184 24.

79 246 454 286 3.c.396.tudinem
489 259 598 284 suam
632 246 690 284 vel
721 246 852 284 ultima
886 246 993 284 clade
1027 247 1239 289 indicantis
1271 246 1375 296 quod
1413 246 1547 284 decem

285 318 444 348 aestates
469 312 689 361 hiemesque
717 313 918 350 continuas
944 313 1202 357 circumsessa,
1224 324 1345 362 quum
1371 311 1456 360 plus
1481 311 1548 348 ali-

285 384 429 425 quanto
453 377 619 414 cladium
647 377 832 414 intulisset
859 389 976 427 quarn
1003 378 1221 427 accepisset,
1243 385 1449 427 postremo,
1471 376 1547 413 iam

286 441 364 479 sato
395 454 550 492 quoque
578 450 749 491 urgente,
776 443 954 492 operibus
983 450 1124 488 tamen,
1145 456 1225 480 non
1259 444 1292 478 vi
1327 451 1547 491 expugnata

286 515 352 544 est.

119 624 191 657 Ch.
210 623 274 657 23.
289 625 304 659 ξ
321 631 347 652 1.
372 623 421 653 At
435 623 532 653 Rome
545 622 632 653 there
650 623 780 661 ἀρνία]
793 622 958 663 rcjbz'cz'ng,
976 623 1047 654 and
1058 624 1110 654 the
1126 624 1243 654 Sctzale
1255 623 1374 653 tlt-crees
1385 633 1404 652 a
1415 620 1547 652 lhanks-

368 674 493 714 giving
511 674 643 715 cffsom·
661 675 749 713 <faya
819 677 834 711 ξ
853 685 883 714 4.
911 675 1074 705 Camillus
1094 675 1263 715 triumphs
1285 675 1321 704 in
1339 677 1433 714 great
1454 677 1546 708 state,

372 726 442 756 (md
454 725 561 755 huilds
577 735 596 754 α
613 725 727 765 temple
748 730 778 756 to
792 726 889 768 suno
910 736 950 756 on
972 726 1024 756 tlte
1039 727 1214 757 Avcnlz'nc.
1283 729 1299 763 ξ
1317 725 1346 755 8.
1375 723 1545 756 One-tenth

373 777 413 818 af
432 778 484 807 llic
509 777 606 816 spoils
633 776 661 805 is
683 777 783 816 given
810 781 841 807 lo
868 777 991 818 Apollo.
1061 780 1077 815 §
1105 786 1153 808 12.
1188 778 1219 808 T
1215 778 1252 808 he
1285 777 1449 808 Volscz'ans
1479 774 1551 805 and

373 829 545 869 Aequians
567 828 624 858 ask
645 828 716 858 aml
735 828 845 858 obtain
862 833 966 868 peace.

256 912 272 940 1
343 903 510 941 Romam
540 910 581 939 ut
611 903 827 939 nuntiatum
854 911 909 940 est
935 903 1053 941 Veios
1082 912 1225 952 captos,
1257 915 1478 952 quanquam
1509 909 1544 938 et

286 970 459 1019 prodigia
488 977 690 1018 procurata
720 968 867 1005 fuerant
888 976 925 1006 et
950 977 1077 1006 vatum
1102 982 1286 1018 responsa
1307 976 1343 1006 et
1366 968 1544 1017 Pythicae

285 1043 405 1073 sortes
425 1042 551 1080 notae,
573 1041 621 1080 et,
643 1041 829 1083 quantum
848 1034 1028 1071 humanis
1051 1035 1218 1071 adiuvari
1242 1035 1409 1071 consiliis
1433 1022 1543 1083 potu-

285 1108 365 1138 erat
394 1113 464 1144 res,
485 1101 622 1137 ducem
653 1099 706 1137 M.
729 1099 897 1144 Furium,
917 1100 1131 1136 maximum
1160 1100 1433 1148 imperatorum
1463 1110 1544 1135 om-

255 1167 405 1212 2nium,
426 1166 608 1214 legerant,
636 1171 779 1211 tamen,
807 1166 897 1214 quia
926 1172 981 1202 tot
1010 1165 1120 1201 annis
1149 1164 1249 1201 varie
1278 1164 1329 1201 ibi
1359 1164 1542 1201 bellatum

285 1239 364 1269 erat
398 1231 617 1280 multaeque
647 1231 774 1268 clades
812 1237 1002 1279 acceptae,
1031 1230 1131 1267 velut
1169 1242 1217 1266 ex
1252 1229 1443 1278 insperato
1473 1229 1544 1265 im-

285 1309 464 1335 mensum
493 1297 676 1345 gaudium
708 1296 785 1341 fuit,
807 1303 844 1332 et
874 1296 1096 1345 priusquam
1127 1302 1281 1332 senatus
1312 1294 1542 1339 decerneret,

254 1363 401 1412 3plena
449 1362 581 1399 omnia
618 1361 761 1410 templa
800 1360 1067 1398 Romanarum
1115 1368 1280 1397 matrum
1323 1366 1448 1409 grates
1487 1359 1544 1396 dis

286 1428 483 1477 agentium
521 1434 638 1464 erant.
699 1427 861 1464 Senatus
899 1427 937 1463 in
978 1426 1234 1475 quatriduum,
1269 1432 1362 1475 quot
1396 1425 1543 1462 dierum

254 1503 270 1533 4
286 1493 390 1530 nullo
406 1500 493 1530 ante
508 1492 622 1538 bello,
638 1492 934 1541 supplicationes
950 1491 1127 1529 decernit.
1168 1491 1366 1528 Adventus
1387 1502 1543 1540 quoque

285 1559 487 1602 dictatoris,
519 1558 698 1595 omnihus
730 1557 926 1595 ordinibus
957 1557 1109 1594 obviam
1147 1556 1287 1601 effusis,
1317 1555 1542 1593 celebratior

285 1636 403 1673 quam
441 1624 552 1661 ullius
589 1635 761 1673 unquam
795 1631 908 1660 antea
941 1622 1020 1667 fuit,
1052 1622 1342 1671 triumphusque
1383 1632 1541 1658 omnem

286 1695 514 1726 consuetum
544 1687 759 1725 honorandi
788 1687 861 1724 diei
888 1687 987 1723 illius
1018 1687 1178 1724 modum
1208 1687 1448 1735 aliquantum
1477 1697 1541 1721 ex-

254 1755 408 1792 5cessit.
477 1753 649 1790 Maxime
681 1760 908 1801 conspectus
941 1753 1021 1801 ipse
1052 1759 1120 1796 est,
1151 1764 1261 1788 curru
1303 1751 1411 1799 equis
1447 1749 1542 1786 albis

286 1820 415 1856 iuncto
434 1819 569 1855 urbem
598 1819 777 1863 invectus,
800 1830 1012 1867 parumque
1038 1817 1075 1854 id
1100 1829 1177 1853 non
1199 1816 1305 1853 civile
1325 1815 1454 1860 modo,
1475 1814 1542 1851 sed

252 1893 270 1922 6
286 1885 496 1921 humanum
513 1884 628 1920 etiam
645 1884 778 1920 visum.
823 1882 923 1919 Iovis
941 1882 1115 1932 Solisque
1131 1882 1239 1931 equis
1255 1881 1543 1930 aequiperatum

285 1950 509 1987 dictatorem
539 1950 577 1986 in
607 1949 833 1997 religionem
868 1948 981 1985 etiam
1012 1948 1224 1992 trahebant,
1251 1945 1541 1995 triumphusque

285 2016 337 2052 ob
375 2027 460 2051 eam
499 2027 617 2051 unam
654 2014 822 2050 maxime
855 2025 936 2049 rem
970 2013 1105 2050 clarior
1137 2024 1254 2061 quam
1287 2011 1429 2060 gratior
1461 2009 1541 2046 fuit.

252 2088 269 2120 7
286 2079 389 2116 Turn
410 2079 550 2116 Iunoni
570 2079 723 2128 reginae
745 2078 928 2127 templum
950 2077 988 2114 in
1009 2077 1201 2114 Aventino
1221 2075 1367 2120 locavit,
1389 2074 1540 2112 dedica-

285 2145 411 2194 vitque
450 2144 622 2181 Matutae
663 2143 821 2188 Matris;
866 2149 979 2190 atque
1016 2141 1075 2179 his
1112 2141 1247 2178 divinis
1285 2139 1540 2189 humanisque

253 2219 270 2249 8
285 2211 397 2247 rebus
425 2209 553 2258 gestis,
575 2209 763 2246 dictatura
783 2220 822 2245 se
844 2207 1042 2244 abdicavit.
1098 2206 1173 2255 Agi
1194 2205 1331 2243 deinde
1352 2205 1400 2242 de
1420 2204 1540 2254 Apol-

284 2275 369 2312 linis
401 2274 508 2312 dono
539 2280 729 2322 coeptum.
792 2271 864 2309 Cui
898 2284 938 2309 se
973 2271 1163 2309 decimam
1194 2270 1340 2308 vovisse
1375 2269 1540 2319 praedae
