1637 2554
341 128 449 160 WAR
486 127 625 160 WJTH
652 127 753 160 THE
783 127 1086 159 IIERJVICANS.
1261 125 1339 170 175

89 235 119 272 si
141 246 216 284 qua
231 234 278 272 ad
298 246 429 272 verum
449 234 507 271 via
527 234 784 283 inquirentem
805 233 935 279 serret余
965 245 1067 270 nunc
1089 232 1190 268 sama
1216 243 1339 269 rerum
1353 239 1435 267 nc.
1454 240 1542 267 362.

88 300 266 337 standum
285 307 352 345 est,
375 299 440 336 ubi
461 306 604 336 certam
629 298 789 348 derogat
814 305 978 336 vetustas
1006 297 1141 342 fidem余
1172 305 1208 334 et
1234 297 1339 334 lacus

88 377 230 402 nomen
251 365 299 401 ab
314 364 386 401 hac
407 364 614 401 recentiore
634 364 847 413 insignitius
869 363 995 401 sabula
1011 370 1076 400 est.
1135 361 1227 399 Post
1247 362 1339 398 tanti
1354 363 1372 394 7

87 429 251 478 prodigii
284 429 605 478 procurationem,
641 428 778 467 eodem
812 441 915 466 anno
950 428 996 466 de
1031 427 1209 465 Hernicis
1247 439 1338 465 con-

87 494 205 532 sultus
225 502 389 539 senatus,
405 506 523 543 quum
543 493 686 531 fetiales
700 494 751 537 ,ad
767 507 826 531 res
843 494 1066 543 repetendas
1082 493 1338 542 nequicquam

87 560 259 606 misisset,
281 560 405 608 primo
425 571 580 608 quoque
602 559 661 596 die
678 559 876 596 serendum
897 559 945 596 ad
965 558 1150 608 populum
1171 558 1217 595 de
1238 557 1338 595 bello

87 624 291 662 indicendo
308 624 486 662 Hernicis
502 625 661 670 censuit,
679 624 921 674 populusque
943 625 980 661 id
1001 624 1143 661 bellum
1164 623 1338 672 frequens

86 690 202 727 iussit.
260 689 303 726 L.
326 689 504 727 Genucio
524 690 674 727 consuli
695 703 740 727 ea
759 690 956 739 provincia
977 698 1076 727 sorte
1100 689 1234 727 evenit.
1291 688 1370 725 In8

86 755 371 804 exspectatione
410 755 539 792 civitas
578 762 669 801 erat,
710 755 815 804 quod
854 755 996 804 primus
1034 755 1094 792 ille
1139 754 1185 792 de
1228 753 1337 803 plebe

86 820 220 858 consul
253 820 395 857 bellum
430 820 505 858 suis
539 820 719 869 auspiciis
753 827 927 869 gesturus
961 828 1071 866 esset,
1104 819 1260 869 perinde
1298 825 1340 855 ut

85 886 271 923 evenisset
309 898 380 932 res,
415 886 467 923 ita
500 886 806 924 communicatos
841 885 1008 923 honores
1041 898 1112 934 pro
1145 886 1242 922 bene
1276 892 1340 922 aut

86 963 195 988 secus
215 951 391 988 consulto
411 950 598 988 habitura.
646 950 759 988 Forte
780 951 830 987 ita
850 951 932 987 tulit
948 963 1071 996 casus,
1086 958 1125 987 ut
1145 949 1340 987 Genucius
1353 960 1370 988 9

86 1016 135 1054 ad
154 1016 282 1054 hostes
302 1029 446 1067 magno
467 1026 607 1055 conatu
627 1015 820 1065 profectus
837 1016 874 1053 in
890 1016 1048 1053 insidias
1065 1015 1338 1064 praecipitaret,

85 1086 127 1127 et,
142 1081 355 1131 legionibus
375 1083 607 1131 necopinato
627 1094 767 1131 pavore
789 1081 892 1126 fusis,
909 1080 1043 1118 consul
1064 1081 1341 1118 circumventus

86 1147 135 1184 ab
164 1147 302 1193 insciis,
332 1160 446 1197 quem
482 1148 784 1196 intercepissent,
819 1146 1066 1184 occideretur.
1124 1145 1241 1192 Quod
1274 1146 1339 1182 ubi
1354 1153 1394 1183 10

85 1219 143 1250 est
162 1211 331 1250 Romam
350 1213 575 1257 nuntiatum,
589 1223 835 1261 nequaquam
856 1218 1003 1248 tantum
1018 1210 1170 1260 publica
1185 1210 1340 1247 calami-

86 1285 162 1315 tate
181 1279 318 1315 maesti
338 1285 474 1328 patres,
489 1285 675 1328 quantum
695 1277 842 1315 feroces
862 1276 998 1314 infelici
1019 1277 1184 1314 consulis
1203 1276 1342 1325 plebeii

87 1343 213 1390 ductu,
232 1343 398 1381 fremunt
417 1345 596 1382 omnibus
617 1343 733 1381 loeis:
766 1343 872 1389 irent,
897 1350 1068 1380 crearent
1094 1341 1270 1379 consules
1293 1353 1340 1378 ex

86 1409 208 1458 plebe,
246 1408 493 1446 transferrent
531 1409 712 1458 auspicia,
747 1420 825 1457 quo
864 1407 970 1445 nefas
1009 1415 1107 1445 esset
1121 1420 1130 1453 余
1174 1407 1340 1456 potuisse
1355 1414 1395 1444 11

85 1482 211 1524 patres
231 1474 428 1524 plebiscito
449 1474 536 1524 pelli
556 1473 765 1511 honoribus
791 1474 890 1519 suis余
923 1485 1016 1509 num
1043 1473 1156 1510 etiam
1182 1473 1221 1509 in
1249 1472 1342 1509 deos

86 1539 318 1576 immortales
337 1539 613 1588 inauspicatam
632 1538 757 1588 legem
778 1538 938 1575 valuisse
955 1539 968 1575 ?
1006 1538 1216 1574 vindicasse
1240 1537 1344 1586 ipsos

87 1616 199 1641 suum
218 1617 372 1651 numen,
394 1616 462 1641 sua
486 1604 664 1653 auspicia,
686 1616 785 1652 quae
812 1611 852 1640 ut
879 1604 1044 1652 primum
1072 1609 1245 1640 contacta
1271 1603 1344 1639 sint

87 1670 136 1707 ab
164 1682 221 1716 eo,
253 1682 275 1707 a
303 1682 382 1718 quo
411 1682 481 1707 nec
510 1670 569 1706 ius
592 1682 663 1707 nec
694 1669 749 1706 fas
779 1669 898 1715 fuerit,
932 1668 1098 1706 deletum
1128 1679 1216 1705 cum
1246 1667 1343 1704 duce

86 1735 294 1773 exercitum
323 1735 558 1773 documento
586 1735 712 1780 fuisse,
743 1747 791 1772 ne
822 1734 958 1772 deinde
988 1735 1138 1770 turbato
1172 1733 1343 1781 gentium

87 1801 166 1838 iure
204 1801 358 1838 comitia
394 1801 637 1838 haberentur.
695 1800 770 1838 His
811 1800 968 1838 vocibus
1007 1799 1111 1836 curia
1143 1805 1180 1835 et
1218 1797 1343 1834 sorum
1359 1800 1398 1829 12

88 1873 276 1915 personat.
333 1866 435 1916 App.
452 1865 668 1911 Claudium,
690 1866 779 1914 quia
800 1865 1026 1902 dissuaserat
1046 1863 1181 1912 legem,
1203 1863 1344 1900 maiore

89 1943 190 1968 nunc
215 1931 439 1969 auctoritate
463 1938 642 1969 eventum
669 1930 888 1980 reprehensi
915 1930 963 1966 ab
992 1941 1031 1966 se
1061 1928 1208 1965 consilii
1238 1928 1344 1964 incu-

90 2002 247 2042 samem,
273 1996 495 2034 dictatorem
524 2007 715 2034 consensu
740 1995 984 2044 patriciorum
1009 1993 1185 2031 Servilius
1211 1991 1346 2030 consul

90 2059 190 2106 dicit,
211 2061 445 2112 dilectusque
465 2067 502 2099 et
521 2061 704 2100 iustitium
724 2060 921 2098 indictum.
