1736 2521
384 98 464 139 228
771 105 900 147 LJVJ’,
933 105 1069 136 BOOK
1093 104 1171 137 Vll.
1192 108 1261 146 42.

163 211 246 240 BR.
263 212 352 240 ³42.
382 212 399 248 ξ
421 219 447 242 1.
472 211 564 242 Some
578 209 775 241 authorities
793 210 892 240 relate
912 209 985 240 that
1003 210 1044 240 L.
1066 209 1231 240 Genucius
1244 209 1365 250 passed
1381 220 1401 240 a
1422 210 1488 240 law
1509 209 1644 250 against

468 273 575 302 usury
585 272 595 292 .·
622 262 694 292 and
702 262 774 292 that
783 261 874 292 other
887 261 968 291 laws
979 271 1062 292 were
1078 261 1198 302 passed
1209 269 1237 299 tl
1247 263 1258 299 )
1265 261 1465 302 sbrbz'1Al1'tlg
1473 271 1599 300 anyonc
1612 265 1643 290 lo

466 314 546 345 hold
557 314 610 344 the
624 324 712 344 same
728 313 925 354 maglstracy
939 313 1032 344 twice
1053 313 1090 343 in
1112 318 1164 343 ten
1178 323 1288 352 years,
1310 315 1359 351 (2)
1371 313 1573 354 fhrbidding
1590 312 1642 343 the

467 371 582 396 tenure
594 365 700 405 oflwo
713 364 936 405 magistr-acics
945 364 981 394 in
995 365 1047 395 the
1059 375 1245 404 samcycar,
1258 366 1267 402 (
1274 365 1305 403 3)
1318 364 1554 404 allowinglmtlt
1567 374 1640 394 con-

466 417 535 447 suls
545 421 575 446 lo
588 416 787 456 beplchcz‘an.
807 425 810 429 ·
848 418 864 453 ξ
879 425 906 455 3.
927 416 959 446 T
954 415 992 446 l1c
1002 416 1199 446 authorities
1209 416 1354 456 disagrcc
1364 417 1401 446 in
1411 416 1504 446 other
1505 415 1618 456 points
1629 424 1640 446 .·

467 469 519 499 the
531 478 588 498 one
604 467 704 507 thing
713 467 839 498 certain.
862 467 890 497 is
901 467 974 497 that
990 467 1078 498 there
1094 478 1162 498 was
1176 478 1197 497 α
1211 468 1343 507 mutiny
1358 467 1430 498 and
1442 467 1515 497 that
1531 467 1558 497 z't
1573 477 1642 497 was

465 519 602 561 quiclcd.
673 521 688 556 ξ
704 518 734 550 8.
757 519 789 549 T
784 519 837 549 ln's
847 518 920 549 and
926 519 978 549 the
992 519 1142 550 Samnite
1155 530 1230 549 war
1236 519 1348 549 shakcs
1359 519 1412 549 tlte
1421 519 1598 559 allegiance
1610 517 1642 557 qs

467 571 519 601 tlte:
534 570 627 601 allics
637 579 648 600 .·
671 570 743 600 and
749 569 801 600 tlzc
810 570 921 610 pcoplc
931 569 971 611 of
978 570 1187 601 Privernum
1199 581 1315 611 ravage
1328 570 1418 601 Setia
1434 569 1506 600 and
1518 569 1641 600 Norba.

165 675 319 709 Ch.42.
349 678 366 708 1
436 670 588 707 Praeter
607 668 702 706 haec
722 668 873 706 invenio
894 668 996 717 apud
1009 668 1210 718 quosdam,
1229 668 1272 705 L.
1290 667 1509 705 Genucium
1525 667 1640 704 tribu-

347 741 366 771 2
381 747 474 772 num
489 734 611 784 plebis
624 734 754 771 tulisse
771 734 820 772 ad
837 734 999 783 plebem,
1015 746 1062 771 ne
1083 733 1252 770 fenerare
1268 733 1393 770 liceret
1409 745 1418 778 ;
1449 733 1538 769 item
1560 731 1641 769 aliis

379 800 587 850 plebiscitis
600 807 766 845 cautum,
780 812 828 837 ne
842 799 927 849 quis
943 799 1107 836 eundem
1121 799 1384 847 magistratum
1398 797 1494 834 intra
1506 797 1640 834 decem

378 877 501 903 annos
508 872 671 914 caperet,
682 877 756 902 neu
769 864 866 902 duos
878 865 1121 913 magistratus
1134 875 1213 901 uno
1227 876 1330 901 anno
1342 870 1499 912 gereret,
1509 863 1640 912 utique

377 931 504 968 liceret
531 931 708 969 consules
738 931 875 968 ambos
912 930 1085 979 plebeios
1115 929 1245 967 creari.
1303 928 1416 975 Quae
1447 929 1477 966 si
1509 928 1640 966 omnia

381 1008 566 1034 concessa
578 1004 665 1034 sunt
679 997 792 1046 plebi,
812 1002 979 1045 apparet,
998 995 1100 1033 haud
1120 1007 1255 1044 parvas
1270 995 1366 1032 vires
1385 994 1640 1032 defectionem

348 1066 367 1096 3
383 1062 571 1100 habuisse.
629 1063 724 1100 Aliis
745 1061 946 1099 annalibus
965 1061 1160 1111 proditum
1181 1067 1247 1107 est,
1270 1072 1395 1110 neque
1416 1059 1639 1098 dictatorem

383 1128 579 1166 Valerium
600 1129 756 1174 dictum,
779 1127 845 1165 sed
865 1139 932 1177 per
951 1126 1128 1165 consules
1149 1138 1306 1164 omnem
1323 1138 1403 1163 rem
1419 1133 1555 1173 actam,
1572 1138 1640 1163 ne-

384 1206 458 1243 que
475 1201 682 1243 antequam
706 1192 874 1230 Romam
890 1193 1087 1239 veniretur,
1102 1192 1167 1230 sed
1185 1192 1335 1230 Romae
1355 1204 1440 1229 eam
1471 1192 1639 1229 multitu-

383 1323 551 1370 Quinctii
565 1325 702 1369 villam,
711 1324 777 1361 sed
790 1324 828 1360 in
841 1323 955 1362 aedes
970 1323 1013 1361 C.
1023 1322 1160 1360 Manlii
1173 1329 1285 1361 nocte
1298 1323 1483 1372 impetum
1497 1322 1640 1360 sactum

381 1402 545 1440 eumque
565 1403 588 1427 a
608 1390 812 1428 coniuratis
827 1389 1160 1439 comprehensum,
1178 1395 1220 1425 ut
1235 1388 1313 1425 dux
1329 1388 1456 1435 fieret;
1486 1388 1575 1426 inde
1592 1388 1641 1426 ad

350 1465 368 1495 5
383 1464 560 1506 quartum
576 1457 740 1506 lapidem
757 1455 946 1505 profectos
962 1456 1049 1494 loco
1066 1456 1213 1493 munito
1233 1455 1474 1502 consedisse;
1504 1467 1574 1493 nec
1591 1455 1641 1492 ab

383 1522 546 1561 ducibus
565 1523 803 1560 mentionem
824 1521 1054 1559 concordiae
1075 1529 1210 1567 ortam,
1234 1521 1301 1558 sed
1322 1527 1490 1570 repente,
1521 1533 1641 1571 quum

353 1595 371 1624 6
384 1588 422 1624 in
435 1588 559 1626 aciem
571 1588 706 1624 armati
714 1587 902 1624 exercitus
916 1587 1197 1636 processissent,
1207 1586 1474 1624 salutationem
1487 1586 1638 1633 factam,

382 1659 418 1690 et
438 1653 650 1702 permixtos
672 1653 824 1690 dextras
851 1653 1008 1701 iungere
1036 1664 1081 1690 ac
1109 1652 1313 1702 complecti
1339 1652 1436 1689 inter
1464 1663 1504 1689 se
1532 1651 1640 1688 lacri-

382 1725 532 1755 mantes
557 1718 694 1755 milites
718 1718 900 1766 coepisse‚
923 1724 1154 1767 coactosque
1182 1718 1370 1764 consules,
1399 1729 1518 1766 quum
1539 1716 1641 1754 vide-

383 1790 466 1820 rent
489 1796 642 1821 aversos
671 1796 693 1820 a
723 1783 968 1820 dimicatione
998 1783 1160 1820 militurn
1189 1784 1350 1829 animos,
1376 1783 1558 1820 rettulisse
1592 1782 1641 1820 ad

353 1856 370 1888 7
385 1856 510 1898 patres
522 1849 570 1886 de
583 1849 793 1887 concordia
809 1847 1097 1887 reconcilianda.
1128 1849 1239 1887 Adeo
1252 1848 1356 1896 nihil,
1374 1855 1641 1898 praeterquam

385 1914 610 1952 seditionem
627 1915 738 1953 fuisse
755 1927 919 1966 eamque
935 1915 1198 1965 compositam,
1215 1915 1310 1952 inter
1325 1914 1504 1963 antiquos
1518 1925 1641 1951 rerum

355 1986 561 2020 &auctores
580 1988 741 2019 constat.
800 1981 850 2018 Et
879 1981 990 2019 huius
1017 1981 1120 2018 fama
1146 1980 1342 2018 seditionis
1362 1986 1398 2017 et
1422 1985 1642 2028 susceptum

385 2058 474 2083 cum
492 2046 726 2084 Samnitibus
746 2059 860 2096 grave
881 2047 1023 2084 bellurn
1043 2047 1187 2096 aliquot
1206 2046 1371 2096 populos
1392 2046 1441 2082 ab
1462 2044 1642 2082 Romana

385 2112 564 2149 societate
598 2112 739 2158 avertit,
771 2118 818 2157 et,
849 2119 998 2161 praeter
1028 2111 1254 2149 Latinorum
1288 2111 1449 2148 infidum
1475 2110 1552 2147 iam
1578 2109 1642 2147 diu

385 2177 528 2223 foedus,
551 2177 788 2215 Privernates
807 2177 921 2214 etiarn
948 2176 1123 2214 Norbam
1148 2183 1262 2226 atque
1285 2175 1439 2222 Setiam,
1462 2175 1642 2212 finitimas

387 2242 560 2280 colonias
581 2242 791 2290 Romanas,
814 2242 1028 2281 incursione
1049 2242 1171 2280 subita
1191 2241 1412 2292 depopulati
1433 2246 1532 2278 sunt.

350 1262 367 1291 4
383 1259 510 1296 dinem
530 1259 817 1298 coniuratorum
837 1258 886 1296 ad
907 1270 1012 1295 arma
1032 1264 1315 1296 consternatam
1330 1269 1423 1304 esse,
1444 1258 1570 1295 necin
1590 1257 1639 1295 T.
1691 1286 1695 1289 >
