1637 2554
434 131 591 163 EXILE
623 131 686 164 OF
714 131 966 164 CAMJLLUS.
1272 133 1322 177 77

75 237 156 276 eius
185 237 274 275 anni
304 238 484 276 exercitui
514 245 757 288 praestarent,
783 238 821 275 in
844 237 973 287 viginti
1002 249 1125 275 annos
1154 237 1322 276 indutiae
1338 251 1420 280 nc.
1438 252 1526 279 391.

73 303 193 342 datae.
250 303 399 341 Eodem
422 316 525 341 anno
545 303 600 340 M.
623 302 822 341 Caedicius
842 303 889 340 de
916 302 1028 352 plebe
1057 303 1239 340 nuntiavit
1259 304 1321 340 tri·
1336 318 1353 347 6

73 368 196 414 bunis,
217 353 538 413 39,ΠῖἶῇΤίἶῇ
561 369 624 405 ubi
645 381 746 406 nunc
777 368 958 405 sacellum
977 374 1034 405 est
1055 379 1167 417 supra
1187 368 1322 406 aedem

73 432 225 478 Vestae,
246 445 380 471 vocem
414 434 535 472 noctis
567 434 715 471 silentio
742 434 893 471 audisse
922 433 1116 470 clariorem
1145 432 1323 479 humana,

73 511 170 548 quae
199 499 481 548 magffitratibus
497 499 580 536 dici
605 499 758 544 iuberet,
779 498 911 536 Gallos
937 498 1149 536 adventare.
1206 497 1262 545 Id,
1282 508 1354 539 ut?

72 564 123 609 fit,
139 571 292 614 propter
307 565 469 602 auctoris
485 563 735 601 humilitatem
756 571 924 613 spretum
941 571 975 601 et
991 563 1097 613 quod
1112 563 1324 614 longinqua

73 642 196 679 eoque
226 630 390 678 ignotior
419 642 514 678 gens
543 636 632 667 erat.
691 629 1023 691 Nequeldfgrffln
1039 626 1324 669 modo-monita

73 695 272 745 ingruente
296 691 384 732 sato
391 692 546 745 spreta,
568 695 649 732 sets
655 694 865 732 humanam
854 706 1047 749 “qb-Oque
1077 707 1203 746 opem,
1225 708 1322 748 quae

73 773 149 797 una
163 752 351 805 eratJM.
357 759 511 796 Furium
533 761 581 797 ab
600 761 693 797 urbe
720 772 908 798 amovere.
966 759 1054 806 Qui,
1075 761 1134 798 die
1155 761 1253 799 dicta
1274 763 1354 799 abS

73 824 300 874 LTfflJ'I'e‘io
324 825 482 862 tribiino
512 825 632 875 plebis
662 817 817 874 propter
838 815 1027 874 praedam
1057 824 1323 873 Veientanam,

73 889 150 928 filio
179 901 332 939 quoque
362 890 603 928 adolescente
624 903 691 940 per
712 890 812 927 idem
834 897 984 939 tempus
1010 891 1174 936 orbatus,
1195 903 1325 940 quum,

73 955 201 993 accitis
231 955 389 994 domum
418 956 618 993 tribulibus
648 963 684 993 et
709 955 920 1001 clientibus,
941 967 1040 1003 quae
1069 968 1212 1005 magna
1239 970 1327 1006 pars

73 1018 193 1068 plebis
213 1025 301 1063 erat,
322 1026 566 1068 percontatus
586 1019 736 1056 animos
763 1030 896 1056 eorum
926 1030 1152 1068 responsum
1172 1020 1326 1067 tulisset,

71 1095 111 1121 se
140 1083 354 1129 collaturos,
385 1085 516 1134 quanti
547 1084 750 1121 damnatus
779 1091 888 1128 esset,
909 1083 1105 1121 absolvere
1132 1096 1220 1121 eum
1243 1087 1354 1123 non9

71 1160 195 1197 posse,
200 1149 468 1207 in-›exsssil-i—uqm
487 1149 604 1201 abiitss,
617 1156 792 1197 precatus
817 1149 866 1185 ab
893 1148 961 1186 diis
988 1149 1274 1195 immortalibus,
1296 1151 1326 1187 si

71 1213 230 1251 innoxio
251 1214 322 1251 sibi
342 1226 387 1251 ea
414 1202 553 1251 iniuria
574 1214 689 1260 fieret,
710 1215 833 1264 primo
863 1225 1018 1264 quoque
1037 1221 1210 1262 tempore
1231 1215 1328 1252 desi-

71 1278 219 1315 derium
249 1279 305 1316 sui
335 1279 472 1316 civitati
502 1280 671 1328 ingratae
698 1279 876 1317 facerent.
932 1279 1089 1317 Absens
1109 1279 1329 1329 quindecim

71 1343 236 1380 millibus
257 1344 380 1393 gravis
401 1344 498 1381 aeris
518 1343 733 1381 damnatur.

74 1454 90 1490 §
114 1461 138 1483 ι.
167 1452 234 1484 The
250 1453 360 1494 pcople
381 1453 423 1494 of
436 1453 587 1484 Clusium
607 1453 664 1484 ask
676 1453 740 1495 sor
755 1453 828 1495 help
849 1453 982 1495 against
1000 1453 1053 1485 tlte
1077 1453 1189 1489 Gauls,
1210 1464 1254 1484 an
1277 1453 1332 1485 old
1346 1453 1417 1486 Ch.
1435 1452 1497 1485 33-

157 1514 270 1546 enemy
281 1504 318 1535 z'n
331 1505 499 1536 Northcrn
511 1505 599 1544 Italy
609 1515 620 1536 .·
636 1515 710 1536 now
722 1505 915 1536 introduced
924 1506 992 1536 into
1004 1506 1169 1536 Southern
1181 1506 1328 1536 Etruria

157 1555 196 1596 by
215 1557 355 1587 Arruns
375 1556 416 1597 of
433 1557 595 1588 Clusium.
670 1560 686 1594 ξ
708 1564 735 1596 7.
767 1557 799 1587 T
795 1557 833 1588 he
861 1558 894 1588 T
890 1567 1005 1587 uscans
1027 1556 1096 1587 lzad
1115 1557 1184 1587 had
1202 1567 1223 1587 a
1246 1557 1329 1588 wide

157 1607 279 1648 empire
303 1607 342 1647 by
357 1607 441 1638 land
459 1608 531 1638 and
549 1618 611 1646 sea,
629 1608 711 1639 with
733 1609 846 1640 twelve
867 1608 956 1640 cities
979 1619 1020 1640 on
1043 1608 1117 1639 caela
1139 1608 1206 1639 side
1226 1609 1267 1650 qf
1276 1608 1328 1640 tlte

158 1659 247 1699 Appe
242 1659 381 1689 nnz'nes.

124 1734 300 1783 Expulso
333 1735 423 1780 cive,
451 1745 529 1784 quo
554 1742 746 1781 manente,
776 1735 806 1773 si
835 1735 1041 1785 quicquam
1070 1734 1357 1773 humanoruml

72 1807 162 1838 certi
189 1806 256 1845 est,
281 1800 366 1849 capi
389 1787 662 1838 Romaffi
654 1790 838 1849 potuerat,
843 1787 1101 1837 TaEveRt‘ante‘
1115 1799 1217 1836 fatali
1243 1795 1327 1837 urbi

72 1863 189 1909 clade,
210 1863 323 1913 legati
349 1865 398 1902 ab
420 1865 586 1903 Clusinis
605 1866 770 1910 veniunt,
791 1864 977 1917 auxilium
994 1864 1174 1901 adversus
1187 1864 1346 1910 Gallos

71 1894 787 1980 petenteWt—raditur
815 1930 917 1967 fama
946 1929 1144 1967 dulcedine
1174 1928 1356 1978 frugumi.>

52 1986 316 2044 *ffiaffiffiedue
362 1996 448 2041 vini,
494 2007 593 2033 nova
640 2003 721 2032 tum
767 1996 970 2045 voluptate,
1009 2002 1160 2044 captam
1206 1994 1326 2043 Alpes

73 2059 250 2097 transisse
271 2072 460 2110 agrosque
481 2061 530 2098 ab
549 2061 719 2098 Etruscis
739 2067 825 2098 ante
845 2060 967 2098 cultos
986 2059 1224 2108 possedisse;
1255 2055 1325 2112 [et]
1339 2067 1358 2097 3

73 2124 260 2162 invexisse
279 2125 318 2162 in
340 2126 506 2164 Galliam
525 2126 656 2163 tinum
676 2125 887 2163 illiciendae
907 2125 1031 2174 gentis
1051 2137 1166 2162 causa
1180 2124 1327 2161 Arrun-

72 2195 151 2227 tem
171 2189 370 2228 Clusinum
390 2191 444 2228 ira
464 2198 664 2240 corruptae
684 2191 814 2229 uxoris
835 2192 883 2228 ab
897 2190 1135 2236 Lucumone,
1149 2190 1209 2228 cui
1228 2197 1329 2227 tutor

72 2255 152 2305 ipse
172 2254 303 2302 fuerat,
323 2263 571 2306 praepotente
591 2257 726 2294 iuvene
746 2263 820 2293 eta
840 2267 917 2306 quo
937 2255 1061 2306 expeti
1081 2267 1241 2306 poenae,
1257 2256 1329 2293 nisi
