1736 2521
355 110 432 151 170
715 107 844 148 LJVY,
875 107 1014 140 BOOK
1036 107 1115 141 VH.
1140 111 1176 149 2,
1199 112 1238 154 3.

147 224 229 252 ac.
247 224 335 252 364.
349 213 512 251 tibicinis
549 213 688 250 modos
726 213 916 259 saltantes,
956 212 1057 250 haud
1094 213 1294 253 indecoros
1331 221 1458 253 motus
1494 227 1600 254 more

316 276 334 307 5
349 275 480 313 Tusco
501 276 655 313 dabant.
713 275 857 312 Imitari
879 275 1016 313 deinde
1036 289 1102 314 eos
1130 277 1313 324 iuventus,
1336 278 1447 315 simul
1467 278 1600 315 incon-

347 341 430 378 ditis
461 342 556 378 inter
587 353 625 378 se
660 341 842 378 iocularia
873 341 1076 379 fundentes
1106 343 1286 389 versibus,
1320 355 1493 392 coepere,
1528 355 1598 380 nec

316 415 334 444 6
347 407 481 443 absoni
497 419 518 443 a
534 419 628 443 voce
648 413 774 443 motus
794 413 911 444 erant.
958 406 1128 456 Accepta
1148 408 1273 457 itaque
1295 421 1353 446 res
1374 409 1600 458 saepiusque

347 472 566 521 usurpando
614 472 788 509 excitata.
858 471 1081 509 vernaculis
1120 473 1337 520 artificibus,
1378 474 1467 524 quia
1515 474 1602 510 ister

348 536 479 573 Tusco
494 537 608 574 verbo
629 536 732 573 ludio
749 537 967 583 vocabatur,
983 549 1125 575 nomen
1148 537 1394 576 histrionibus
1415 538 1576 575 inditum
1591 551 1600 583 3

317 602 411 650 rqui
447 613 538 648 non,
572 602 667 639 sicut
699 610 796 648 ante,
830 601 1072 640 Fescennino
1105 615 1215 640 versu
1253 603 1415 640 similem
1454 604 1600 641 incom-

347 667 514 716 positum
534 674 676 704 temere
697 679 740 704 ac
767 667 901 704 rudem
927 668 1078 705 alternis
1108 669 1306 716 iaciebant,
1330 669 1398 707 sed
1427 669 1601 719 impletas

348 733 472 770 modis
492 741 635 770 saturas
659 733 848 783 descripto
878 734 954 770 iam
979 733 1028 770 ad
1056 735 1251 772 tibicinem
1272 743 1386 772 cantu
1416 742 1601 784 motuque

316 806 333 835 S
347 798 568 847 congruenti
589 799 830 848 peragebant.
888 799 1017 836 Livius
1043 807 1128 849 post
1148 800 1290 850 aliquot
1311 813 1444 847 annos,
1467 801 1532 850 qui
1553 802 1602 837 ab

315 876 332 903 9
347 864 483 902 saturis
503 876 617 901 ausus
641 872 697 902 est
722 865 868 914 primus
895 873 1121 915 argumento
1148 866 1315 904 fabulam
1343 879 1476 913 serere,
1498 865 1600 904 idem

347 928 498 975 scilicet,
534 930 572 967 id
607 930 712 979 quod
751 941 884 968 omnes
918 937 1001 967 tum
1040 938 1157 978 erant,
1190 943 1347 969 suorum
1387 931 1600 969 carminum

347 1001 462 1040 actor,
486 995 628 1041 dicitur,
658 1007 778 1044 quum
807 996 957 1045 saepius
986 1005 1184 1034 revocatus
1213 1010 1346 1035 vocem
1377 997 1598 1043 obtudisset,

346 1059 458 1096 venia
486 1060 601 1108 petita
629 1073 786 1110 puerum
815 1061 863 1098 ad
893 1061 1109 1099 canendum
1139 1070 1226 1100 ante
1256 1063 1450 1100 tibicinem
1480 1073 1600 1112 quum

346 1125 546 1172 statuisset,
569 1127 758 1163 canticum
786 1127 907 1176 egisse
936 1127 1132 1177 aliquanto
1160 1128 1284 1177 magis
1303 1129 1451 1177 vigente
1477 1134 1597 1174 mom,

296 1205 335 1235 10
348 1191 436 1239 quia
455 1190 546 1228 nihil
567 1192 669 1228 vocis
688 1203 778 1229 usus
797 1192 1036 1242 impediebat.
1095 1193 1190 1231 Inde
1211 1193 1259 1230 ad
1279 1205 1437 1230 manum
1457 1192 1599 1230 cantari

347 1255 588 1293 histrionibus
626 1264 804 1306 coeptum
843 1257 1085 1308 d—ixz-erbiaque
1123 1265 1272 1296 tanturn
1310 1259 1480 1308 ipsorum
1513 1258 1597 1296 voci

297 1329 334 1359 11
346 1319 483 1358 relicta.
541 1321 750 1372 Postquam
780 1323 863 1372 lege
892 1323 963 1361 hac
994 1323 1206 1361 fabularum
1226 1325 1276 1361 ab
1301 1324 1377 1362 risu
1400 1336 1445 1362 ac
1472 1323 1598 1362 soluto

345 1386 431 1423 ioco
461 1398 521 1424 res
549 1389 777 1425 avocabatur
801 1396 836 1426 et
866 1389 976 1426 ludus
1004 1389 1043 1426 in
1069 1396 1187 1426 artem
1216 1389 1399 1438 paulatim
1425 1395 1596 1435 verterat,

343 1452 527 1498 iuventus,
550 1452 795 1490 histrionibus
816 1453 1039 1491 fabellarum
1059 1461 1144 1492 actu
1169 1455 1310 1500 relicto,
1334 1455 1416 1504 ipsa
1441 1455 1539 1492 inter
1557 1466 1598 1492 se

344 1528 450 1554 more
484 1517 641 1567 antiquo
678 1518 833 1556 ridicula
869 1519 1012 1557 intexta
1046 1520 1213 1557 versibus
1251 1521 1416 1558 iactitare
1450 1520 1596 1570 coepit;

344 1593 442 1631 quae
473 1583 611 1620 exodia
641 1591 774 1633 postea
803 1585 991 1634 appellata
1021 1593 1272 1636 consertaque
1300 1585 1447 1623 fabellis
1478 1586 1596 1635 potis-

294 1655 331 1684 12
346 1647 483 1684 simum
520 1649 704 1686 Atellanis
742 1657 839 1696 sunt,
881 1650 985 1700 quod
1023 1663 1144 1700 genus
1182 1651 1359 1688 ludorum
1398 1652 1447 1688 ab
1485 1650 1597 1689 Oscis

344 1720 542 1762 acceptum
563 1715 681 1752 tenuit
705 1715 888 1762 iuventus,
912 1728 981 1753 nec
1003 1717 1051 1753 ab
1071 1716 1316 1753 histrionibus
1339 1716 1456 1765 pollui
1483 1728 1596 1766 passa

343 1786 421 1823 est;
452 1790 498 1816 eo
519 1779 730 1817 institutum
751 1787 890 1827 manet,
906 1788 947 1818 ut
967 1788 1113 1819 actores
1129 1781 1389 1818 Atellanarum
1409 1793 1479 1819 nec
1495 1781 1595 1818 tribu

343 1851 567 1881 moveantur
594 1851 631 1882 et
660 1846 858 1895 stipendia,
884 1853 1066 1895 tanquam
1095 1853 1270 1895 expertes
1299 1846 1387 1883 artis
1415 1845 1592 1893 ludicrae,

290 1917 328 1946 13
343 1909 494 1947 saciant.
551 1910 656 1948 Inter
686 1911 844 1948 aliarum
883 1924 998 1961 parva
1036 1911 1221 1961 principia
1258 1923 1383 1949 rerum
1417 1911 1594 1950 ludorum

341 1987 494 2024 quoque
514 1976 636 2025 prima
656 1977 766 2026 origo
792 1977 971 2026 ponenda
990 1977 1070 2015 visa
1090 1984 1157 2023 est,
1179 1983 1220 2014 ut
1244 1984 1454 2026 appareret,
1476 1989 1593 2027 quam

341 2041 389 2078 ab
412 2054 507 2079 sano
532 2042 637 2079 initio
658 2055 717 2080 res
737 2043 775 2080 in
802 2042 902 2081 hanc
922 2043 984 2081 vix
1005 2042 1194 2094 opulentis
1214 2043 1340 2093 regnis
1359 2042 1593 2081 tolerabilem

340 2107 526 2144 insaniam
550 2107 702 2146 venerit.
