1670 2532
249 112 306 151 44
643 106 770 149 LJVV,
801 105 939 138 BOOK
960 105 998 138 V.
1023 97 1058 148 8,
1082 109 1120 150 9.

46 212 336 250 n.c.402.Nec
369 211 474 250 Veiis
508 211 644 250 melius
682 219 790 260 gesta
825 223 894 258 res,
928 212 1033 261 quod
1067 219 1149 249 turn
1183 175 1313 261 &plui
1336 211 1511 249 omnium

217 285 431 316 4curarum
461 278 703 327 publicarum
732 284 832 323 erat;
873 290 964 314 nam
998 286 1034 316 et
1068 278 1185 316 duces
1223 278 1392 316 Romani
1426 277 1511 327 plus

252 344 350 381 inter
379 355 420 381 se
450 343 592 380 irarum
622 355 739 392 quam
769 342 946 380 adversus
975 343 1105 381 hostes
1137 344 1253 381 animi
1285 344 1511 388 habuerunt,

252 415 288 447 et
327 415 484 446 auctum
529 416 584 446 est
622 408 767 445 bellurn
811 408 974 446 adventu
1014 410 1214 458 repentino
1254 409 1512 458 Capenatium

0 465 176 523 iam
216 479 235 508 5
253 482 367 524 atque
387 473 634 511 Faliscorum.
693 473 748 510 Hi
769 473 846 510 duo
867 473 1040 512 Etruriae
1066 475 1210 524 populi,
1233 475 1322 524 quia
1346 474 1512 523 proximi

0 529 78 568 Ώνὶ
105 514 237 587 θ”βζ
251 539 409 588 regione
444 546 563 584 erant,
595 539 750 576 devictis
781 539 887 577 Veiis
925 540 1024 578 bello
1062 552 1216 590 quoque
1253 539 1435 577 Romano
1471 551 1511 577 se

216 605 449 654 6proximos
496 604 575 642 fore
615 604 825 650 credentes,
857 604 993 643 Falisci
1037 607 1194 655 propria
1238 606 1353 642 etiam
1397 616 1511 642 causa

253 670 388 717 infesti,
411 670 517 720 quod
552 669 726 707 Fidenati
756 670 857 707 bello
888 683 927 708 se
958 671 1034 708 iarn
1069 679 1180 709 antea
1214 672 1511 716 immiscuerant,

252 748 320 785 per
353 736 498 785 legatos
532 736 631 774 ultro
663 736 837 786 citroque
870 737 1007 774 missos
1039 738 1116 774 iure
1149 737 1310 774 iurando
1345 738 1441 774 inter
1471 748 1512 773 se

252 801 419 850 obligati,
441 813 530 838 cum
558 802 787 839 exercitibus
817 802 1049 851 necopinato
1079 803 1127 840 ad
1148 802 1266 840 Veios
1301 813 1510 839 accessere.

221 867 368 907 7Forte
409 880 455 906 ea
500 868 669 916 regione,
712 880 787 918 qua
833 867 900 905 Μ’.
937 867 1090 918 Sergius
1135 869 1305 906 tribunus
1350 868 1512 905 militum

252 939 437 982 praeerat,
451 941 574 970 castra
594 933 716 971 adorti
737 940 836 979 sunt,
851 934 1123 984 ingentemque
1138 942 1319 972 terrorem
1341 934 1510 989 intulere,

251 1000 343 1049 quia
379 999 570 1037 Etruriam
616 1012 774 1037 omnem
813 1001 978 1038 excitam
1023 1001 1177 1038 sedibus
1221 1013 1364 1050 magna
1408 1000 1511 1038 mole

220 1065 385 1103 Sadesse
415 1064 585 1102 Romani
616 1065 866 1103 crediderant.
924 1065 1072 1103 Eadem
1102 1067 1234 1116 opinio
1261 1066 1442 1104 Veientes
1472 1066 1511 1102 in

252 1131 346 1168 urbe
391 1131 605 1168 concitavit.
664 1130 723 1168 Ita
768 1132 925 1181 ancipiti
970 1132 1117 1181 proelio
1163 1140 1286 1170 castra
1331 1131 1512 1170 Romana

252 1197 593 1246 oppugnabantur;
633 1205 983 1248 concursantesque
1018 1211 1138 1248 quum
1169 1198 1244 1236 huc
1276 1205 1390 1248 atque
1422 1198 1510 1235 illuc

253 1263 363 1312 signa
405 1261 664 1308 transferrent,
699 1275 771 1300 nec
813 1262 1013 1301 Veientem
1059 1264 1148 1301 satis
1189 1264 1369 1302 cohibere
1413 1263 1512 1301 intra

252 1327 485 1365 munitiones
514 1340 585 1366 nec
616 1329 693 1366 suis
727 1330 974 1367 munimentis
1004 1342 1134 1367 arcere
1161 1331 1238 1367 vim
1271 1343 1316 1368 ac
1345 1330 1439 1367 tueri
1470 1341 1511 1366 se

220 1393 302 1434 9ab
349 1394 536 1431 exteriore
584 1402 761 1444 poterant
803 1394 924 1432 hoste.
991 1395 1081 1433 Una
1129 1409 1216 1445 spes
1263 1404 1352 1443 erat,
1385 1397 1416 1433 si
1462 1408 1510 1433 ex

253 1459 461 1496 maioribus
490 1460 621 1497 castris
650 1460 922 1507 subveniretur,
947 1468 990 1498 ut
1018 1461 1187 1499 diversae
1216 1462 1386 1511 legiones
1415 1461 1510 1499 aliae

253 1524 432 1562 adversus
453 1524 691 1574 Capenatem
711 1538 756 1563 ac
777 1525 979 1574 Faliscum,
1003 1527 1097 1564 aliae
1119 1535 1250 1564 contra
1269 1528 1510 1577 eruptionem

252 1590 539 1640 oppidanorum
567 1599 805 1640 pugnarent3
839 1593 906 1629 sed
935 1593 1068 1630 castris
1101 1599 1273 1642 praeerat
1292 1592 1510 1641 Verginius,

201 1667 240 1696 10
253 1656 426 1705 privatim
461 1656 595 1705 Sergio
628 1658 770 1694 invisus
799 1657 1045 1706 infestusque.
1103 1658 1155 1704 Is,
1176 1670 1296 1707 quum
1327 1658 1510 1708 pleraque

253 1722 408 1759 castella
433 1731 668 1772 oppugnata,
695 1731 891 1772 superatas
918 1724 1162 1770 munitiones,
1183 1724 1356 1772 utrinque
1384 1724 1509 1761 invehi

253 1786 405 1825 hostem
434 1789 678 1835 nuntiaretur,
701 1790 740 1826 in
768 1789 881 1826 armis
907 1790 1044 1827 milites
1074 1791 1203 1836 tenuit,
1227 1790 1255 1827 si
1285 1802 1384 1839 opus
1412 1790 1510 1828 foret

197 1859 235 1889 11
253 1853 406 1900 auxilio,
424 1855 613 1904 collegam
635 1855 810 1893 dictitans
838 1856 886 1893 ad
914 1868 954 1894 se
974 1855 1189 1893 missurum.
1250 1856 1376 1893 Huius
1402 1868 1508 1894 arro-

251 1919 421 1967 gantiam
448 1908 831 1968 pertinacia-alterius
860 1922 1061 1971 aequabat,
1083 1923 1158 1970 qui,
1180 1934 1228 1958 ne
1249 1934 1364 1971 quam
1391 1935 1508 1971 opem

252 1985 301 2021 ab
326 1985 480 2023 inimico
507 1986 697 2024 videretur
723 1988 873 2037 petisse,
894 1989 992 2025 vinci
1019 1989 1068 2025 ab
1088 1987 1196 2025 hoste
1221 2000 1337 2036 quam
1358 1989 1509 2026 vincere

199 2060 238 2089 12
253 2062 319 2099 per
340 2051 462 2088 civem
483 2052 625 2090 maluit.
683 2052 761 2090 Diu
783 2054 820 2090 in
849 2053 976 2091 medio
997 2054 1097 2091 caesi
1124 2053 1282 2099 milites;
1314 2062 1509 2102 postremo

252 2115 408 2154 desertis
447 2118 735 2164 munitionibus,
771 2120 952 2168 perpauci
991 2120 1030 2155 in
1069 2120 1214 2156 maiora
1252 2126 1386 2164 castra,
1419 2131 1508 2167 pars

251 2182 421 2218 maxima
450 2189 563 2231 atque
593 2183 674 2232 ipse
706 2183 859 2232 Sergius
890 2183 1057 2221 Romam
1093 2184 1373 2233 pertenderunt.
1431 2184 1509 2222 Ubi

252 2259 373 2297 quum
398 2259 556 2286 omnem
580 2248 735 2298 culpam
765 2249 804 2286 in
834 2249 1022 2299 collegam
1051 2250 1259 2296 inclinaret,
1281 2250 1392 2288 acciri
1411 2249 1508 2288 Ver·
