<?xml version="1.0" encoding="UTF-8"?>
<!DOCTYPE html PUBLIC "-//W3C//DTD XHTML 1.0 Transitional//EN"
    "http://www.w3.org/TR/xhtml1/DTD/xhtml1-transitional.dtd">
<html xmlns="http://www.w3.org/1999/xhtml" xml:lang="en" lang="en">
 <head>
  <title>
</title>
<meta http-equiv="Content-Type" content="text/html;charset=utf-8" />
  <meta name='ocr-system' content='tesseract 3.04.00' />
  <meta name='ocr-capabilities' content='ocr_page ocr_carea ocr_par ocr_line ocrx_word'/>
</head>
<body>
  <div class='ocr_page' id='page_1' title='image "./booksvvivii00livyuoft_0091.png"; bbox 0 0 1637 2554; ppageno 0'>
   <div class='ocr_carea' id='block_1_1' title="bbox 316 136 1354 182">
    <p class='ocr_par' dir='ltr' id='par_1_1' title="bbox 316 136 1354 182">
     <span class='ocr_line' id='line_1_1' title="bbox 316 136 1354 182; baseline 0 -14"><span class='ocrx_word' id='word_1_1' title='bbox 316 137 378 168; x_wconf 85' lang='lat' dir='ltr'>PR</span> <span class='ocrx_word' id='word_1_2' title='bbox 385 136 571 169; x_wconf 84' lang='lat' dir='ltr'><em>OPOSED</em></span> <span class='ocrx_word' id='word_1_3' title='bbox 602 137 763 168; x_wconf 80' lang='lat' dir='ltr'><em>MJGRA</em></span> <span class='ocrx_word' id='word_1_4' title='bbox 772 136 897 169; x_wconf 87' lang='lat' dir='ltr'><em>TJON</em></span> <span class='ocrx_word' id='word_1_5' title='bbox 922 136 981 168; x_wconf 85' lang='lat' dir='ltr'>To</span> <span class='ocrx_word' id='word_1_6' title='bbox 1018 136 1133 168; x_wconf 87' lang='lat' dir='ltr'><em>VEII.</em></span> <span class='ocrx_word' id='word_1_7' title='bbox 1303 139 1354 182; x_wconf 78' lang='lat'>73</span> 
     </span>
    </p>
   </div>
   <div class='ocr_carea' id='block_1_2' title="bbox 99 260 1558 602">
    <p class='ocr_par' dir='ltr' id='par_1_2' title="bbox 99 260 1558 602">
     <span class='ocr_line' id='line_1_2' title="bbox 99 260 1558 302; baseline -0.001 -11"><span class='ocrx_word' id='word_1_8' title='bbox 99 265 116 300; x_wconf 66' lang='grc' dir='ltr'><strong>ξ</strong></span> <span class='ocrx_word' id='word_1_9' title='bbox 137 270 164 294; x_wconf 89' lang='lat'>1.</span> <span class='ocrx_word' id='word_1_10' title='bbox 196 261 261 292; x_wconf 73' lang='lat' dir='ltr'>The</span> <span class='ocrx_word' id='word_1_11' title='bbox 280 261 367 302; x_wconf 73' lang='lat' dir='ltr'>plebs</span> <span class='ocrx_word' id='word_1_12' title='bbox 386 261 510 292; x_wconf 75' lang='lat' dir='ltr'>rc-clcct</span> <span class='ocrx_word' id='word_1_13' title='bbox 532 261 584 292; x_wconf 81' lang='lat' dir='ltr'>tlze</span> <span class='ocrx_word' id='word_1_14' title='bbox 606 261 638 292; x_wconf 83' lang='lat' dir='ltr'><em>T</em></span> <span class='ocrx_word' id='word_1_15' title='bbox 633 261 768 292; x_wconf 80' lang='lat' dir='ltr'>rz&#39;buncs</span> <span class='ocrx_word' id='word_1_16' title='bbox 783 261 855 292; x_wconf 78' lang='lat' dir='ltr'>who</span> <span class='ocrx_word' id='word_1_17' title='bbox 871 260 1028 302; x_wconf 79' lang='lat' dir='ltr'><em>proposed</em></span> <span class='ocrx_word' id='word_1_18' title='bbox 1047 260 1100 292; x_wconf 79' lang='lat' dir='ltr'>the</span> <span class='ocrx_word' id='word_1_19' title='bbox 1121 260 1300 301; x_wconf 75' lang='lat' dir='ltr'>nn‘gralion</span> <span class='ocrx_word' id='word_1_20' title='bbox 1327 265 1357 291; x_wconf 86' lang='lat' dir='ltr'>to</span> <span class='ocrx_word' id='word_1_21' title='bbox 1369 262 1452 291; x_wconf 62' lang='lat' dir='ltr'>Rc.</span> <span class='ocrx_word' id='word_1_22' title='bbox 1470 263 1558 291; x_wconf 80' lang='lat'><strong>394.</strong></span> 
     </span>
     <span class='ocr_line' id='line_1_3' title="bbox 190 312 1366 353; baseline -0.003 -9"><span class='ocrx_word' id='word_1_23' title='bbox 190 313 272 344; x_wconf 78' lang='lat' dir='ltr'>Veii.</span> <span class='ocrx_word' id='word_1_24' title='bbox 325 313 357 344; x_wconf 83' lang='lat' dir='ltr'><em>T</em></span> <span class='ocrx_word' id='word_1_25' title='bbox 352 313 390 343; x_wconf 75' lang='lat' dir='ltr'>he</span> <span class='ocrx_word' id='word_1_26' title='bbox 411 313 600 353; x_wconf 75' lang='lat' dir='ltr'>patriciam</span> <span class='ocrx_word' id='word_1_27' title='bbox 625 313 774 343; x_wconf 74' lang='lat' dir='ltr'>rctaliate</span> <span class='ocrx_word' id='word_1_28' title='bbox 796 313 834 353; x_wconf 74' lang='lat' dir='ltr'>by</span> <span class='ocrx_word' id='word_1_29' title='bbox 856 313 993 353; x_wconf 79' lang='lat' dir='ltr'>eleclz&#39;ng</span> <span class='ocrx_word' id='word_1_30' title='bbox 1015 313 1151 343; x_wconf 85' lang='lat' dir='ltr'>Consuls</span> <span class='ocrx_word' id='word_1_31' title='bbox 1176 312 1306 342; x_wconf 75' lang='lat' dir='ltr'>instead</span> <span class='ocrx_word' id='word_1_32' title='bbox 1326 312 1366 352; x_wconf 87' lang='lat' dir='ltr'>of</span> 
     </span>
     <span class='ocr_line' id='line_1_4' title="bbox 185 363 1359 404; baseline -0.002 -9"><span class='ocrx_word' id='word_1_33' title='bbox 185 364 346 404; x_wconf 65' lang='lat' dir='ltr'>lVlz&#39;lt&#39;lary</span> <span class='ocrx_word' id='word_1_34' title='bbox 369 364 539 395; x_wconf 57' lang='lat' dir='ltr'>wilmun.</span> <span class='ocrx_word' id='word_1_35' title='bbox 589 367 604 401; x_wconf 68' lang='grc' dir='ltr'>ξ</span> <span class='ocrx_word' id='word_1_36' title='bbox 624 373 654 403; x_wconf 81' lang='lat'>3.</span> <span class='ocrx_word' id='word_1_37' title='bbox 678 365 824 403; x_wconf 67' lang='lat' dir='ltr'>Vitellia,</span> <span class='ocrx_word' id='word_1_38' title='bbox 840 375 861 395; x_wconf 89' lang='lat' dir='ltr'>a</span> <span class='ocrx_word' id='word_1_39' title='bbox 878 365 1007 395; x_wconf 79' lang='lat' dir='ltr'>Roman</span> <span class='ocrx_word' id='word_1_40' title='bbox 1029 364 1146 404; x_wconf 82' lang='lat' dir='ltr'><em>colony,</em></span> <span class='ocrx_word' id='word_1_41' title='bbox 1166 363 1194 393; x_wconf 87' lang='lat' dir='ltr'>is</span> <span class='ocrx_word' id='word_1_42' title='bbox 1209 363 1303 394; x_wconf 71' lang='lat' dir='ltr'>taken</span> <span class='ocrx_word' id='word_1_43' title='bbox 1321 363 1359 403; x_wconf 72' lang='lat' dir='ltr'>hy</span> 
     </span>
     <span class='ocr_line' id='line_1_5' title="bbox 182 414 1360 457; baseline -0.002 -11"><span class='ocrx_word' id='word_1_44' title='bbox 182 416 235 447; x_wconf 74' lang='lat' dir='ltr'>tlte</span> <span class='ocrx_word' id='word_1_45' title='bbox 245 415 425 457; x_wconf 78' lang='lat' dir='ltr'><em>Aequians,</em></span> <span class='ocrx_word' id='word_1_46' title='bbox 442 415 499 445; x_wconf 83' lang='lat' dir='ltr'>but</span> <span class='ocrx_word' id='word_1_47' title='bbox 510 416 737 446; x_wconf 74' lang='lat' dir='ltr'>L.Lucrctius</span> <span class='ocrx_word' id='word_1_48' title='bbox 747 415 866 457; x_wconf 58' lang='lat' dir='ltr'>altstats</span> <span class='ocrx_word' id='word_1_49' title='bbox 876 416 972 446; x_wconf 80' lang='lat' dir='ltr'>them.</span> <span class='ocrx_word' id='word_1_50' title='bbox 1022 418 1037 453; x_wconf 64' lang='grc' dir='ltr'><strong>ξ</strong></span> <span class='ocrx_word' id='word_1_51' title='bbox 1052 415 1081 445; x_wconf 90' lang='lat'>6.</span> <span class='ocrx_word' id='word_1_52' title='bbox 1105 416 1182 445; x_wconf 80' lang='lat' dir='ltr'>Two</span> <span class='ocrx_word' id='word_1_53' title='bbox 1199 415 1230 445; x_wconf 83' lang='lat' dir='ltr'><em>T</em></span> <span class='ocrx_word' id='word_1_54' title='bbox 1227 414 1360 445; x_wconf 64' lang='lat' dir='ltr'>rilmnes</span> 
     </span>
     <span class='ocr_line' id='line_1_6' title="bbox 183 464 1358 509; baseline -0.002 -11"><span class='ocrx_word' id='word_1_55' title='bbox 183 467 224 509; x_wconf 75' lang='lat' dir='ltr'>qf</span> <span class='ocrx_word' id='word_1_56' title='bbox 237 468 290 498; x_wconf 78' lang='lat' dir='ltr'>tlte</span> <span class='ocrx_word' id='word_1_57' title='bbox 310 467 399 507; x_wconf 74' lang='lat' dir='ltr'>plebs</span> <span class='ocrx_word' id='word_1_58' title='bbox 423 477 481 497; x_wconf 74' lang='lat' dir='ltr'>are</span> <span class='ocrx_word' id='word_1_59' title='bbox 496 466 596 508; x_wconf 71' lang='lat' dir='ltr'>fitted</span> <span class='ocrx_word' id='word_1_60' title='bbox 617 467 743 498; x_wconf 72' lang='lat' dir='ltr'>because</span> <span class='ocrx_word' id='word_1_61' title='bbox 767 467 840 507; x_wconf 74' lang='lat' dir='ltr'>tllcy</span> <span class='ocrx_word' id='word_1_62' title='bbox 859 467 928 497; x_wconf 77' lang='lat' dir='ltr'>had</span> <span class='ocrx_word' id='word_1_63' title='bbox 948 466 1057 498; x_wconf 76' lang='lat' dir='ltr'>vetoed</span> <span class='ocrx_word' id='word_1_64' title='bbox 1071 466 1159 497; x_wconf 76' lang='lat' dir='ltr'>llzcir</span> <span class='ocrx_word' id='word_1_65' title='bbox 1176 464 1358 506; x_wconf 67' lang='lat' dir='ltr'>collcagues&#39;</span> 
     </span>
     <span class='ocr_line' id='line_1_7' title="bbox 177 517 1359 561; baseline -0.002 -12"><span class='ocrx_word' id='word_1_66' title='bbox 177 519 340 561; x_wconf 76' lang='lat' dir='ltr'>proposal.</span> <span class='ocrx_word' id='word_1_67' title='bbox 390 521 405 555; x_wconf 68' lang='grc' dir='ltr'><strong>ξ</strong></span> <span class='ocrx_word' id='word_1_68' title='bbox 424 519 452 549; x_wconf 84' lang='grc'>8.</span> <span class='ocrx_word' id='word_1_69' title='bbox 474 519 638 550; x_wconf 82' lang='lat' dir='ltr'><em>Camillus</em></span> <span class='ocrx_word' id='word_1_70' title='bbox 655 518 794 550; x_wconf 72' lang='lat' dir='ltr'>declares</span> <span class='ocrx_word' id='word_1_71' title='bbox 810 519 882 549; x_wconf 78' lang='lat' dir='ltr'>that</span> <span class='ocrx_word' id='word_1_72' title='bbox 894 518 946 550; x_wconf 78' lang='lat' dir='ltr'>the</span> <span class='ocrx_word' id='word_1_73' title='bbox 954 518 1044 560; x_wconf 76' lang='lat' dir='ltr'>plebs</span> <span class='ocrx_word' id='word_1_74' title='bbox 1056 518 1137 549; x_wconf 78' lang='lat' dir='ltr'>have</span> <span class='ocrx_word' id='word_1_75' title='bbox 1153 517 1359 549; x_wconf 73' lang='lat' dir='ltr'>overllzwwn</span> 
     </span>
     <span class='ocr_line' id='line_1_8' title="bbox 183 571 448 602; baseline -0.004 0"><span class='ocrx_word' id='word_1_76' title='bbox 183 571 235 602; x_wconf 75' lang='lat' dir='ltr'>tlte</span> <span class='ocrx_word' id='word_1_77' title='bbox 258 571 290 601; x_wconf 86' lang='lat' dir='ltr'><em>T</em></span> <span class='ocrx_word' id='word_1_78' title='bbox 285 571 448 601; x_wconf 76' lang='lat' dir='ltr'>ribunate.</span> 
     </span>
    </p>
   </div>
   <div class='ocr_carea' id='block_1_3' title="bbox 48 637 1575 2318">
    <p class='ocr_par' dir='ltr' id='par_1_3' title="bbox 48 637 1575 2318">
     <span class='ocr_line' id='line_1_9' title="bbox 152 637 1575 687; baseline -0.001 -11"><span class='ocrx_word' id='word_1_79' title='bbox 152 639 417 676; x_wconf 88' lang='lat' dir='ltr'>Tribunorum</span> <span class='ocrx_word' id='word_1_80' title='bbox 455 637 576 686; x_wconf 87' lang='lat' dir='ltr'>plebis</span> <span class='ocrx_word' id='word_1_81' title='bbox 605 639 773 675; x_wconf 83' lang='lat' dir='ltr'>actiones</span> <span class='ocrx_word' id='word_1_82' title='bbox 806 637 894 687; x_wconf 85' lang='lat' dir='ltr'>quia</span> <span class='ocrx_word' id='word_1_83' title='bbox 932 637 1105 675; x_wconf 88' lang='lat' dir='ltr'>nondum</span> <span class='ocrx_word' id='word_1_84' title='bbox 1139 637 1386 674; x_wconf 82' lang='lat' dir='ltr'>invenerantl</span> <span class='ocrx_word' id='word_1_85' title='bbox 1423 641 1493 674; x_wconf 86' lang='lat' dir='ltr'>Ch.</span> <span class='ocrx_word' id='word_1_86' title='bbox 1511 640 1575 675; x_wconf 86' lang='lat'>29.</span> 
     </span>
     <span class='ocr_line' id='line_1_10' title="bbox 98 703 1357 752; baseline -0.002 -11"><span class='ocrx_word' id='word_1_87' title='bbox 98 704 226 750; x_wconf 89' lang='lat' dir='ltr'>finem,</span> <span class='ocrx_word' id='word_1_88' title='bbox 254 710 291 741; x_wconf 87' lang='lat' dir='ltr'>et</span> <span class='ocrx_word' id='word_1_89' title='bbox 323 704 431 752; x_wconf 88' lang='lat' dir='ltr'>plebs</span> <span class='ocrx_word' id='word_1_90' title='bbox 463 704 687 741; x_wconf 86' lang='lat' dir='ltr'>continuare</span> <span class='ocrx_word' id='word_1_91' title='bbox 717 704 899 741; x_wconf 86' lang='lat' dir='ltr'>latoribus</span> <span class='ocrx_word' id='word_1_92' title='bbox 931 703 1025 751; x_wconf 88' lang='lat' dir='ltr'>legis</span> <span class='ocrx_word' id='word_1_93' title='bbox 1058 703 1291 739; x_wconf 87' lang='lat' dir='ltr'>tribunatum</span> <span class='ocrx_word' id='word_1_94' title='bbox 1321 708 1357 739; x_wconf 91' lang='lat' dir='ltr'>et</span> 
     </span>
     <span class='ocr_line' id='line_1_11' title="bbox 97 767 1357 819; baseline -0.002 -13"><span class='ocrx_word' id='word_1_95' title='bbox 97 777 223 819; x_wconf 86' lang='lat' dir='ltr'>patres</span> <span class='ocrx_word' id='word_1_96' title='bbox 257 769 409 806; x_wconf 88' lang='lat' dir='ltr'>reficere</span> <span class='ocrx_word' id='word_1_97' title='bbox 444 769 713 806; x_wconf 82' lang='lat' dir='ltr'>intercessores</span> <span class='ocrx_word' id='word_1_98' title='bbox 747 769 840 818; x_wconf 86' lang='lat' dir='ltr'>legis</span> <span class='ocrx_word' id='word_1_99' title='bbox 872 769 995 805; x_wconf 87' lang='lat' dir='ltr'>annisi</span> <span class='ocrx_word' id='word_1_100' title='bbox 1027 776 1135 815; x_wconf 87' lang='lat' dir='ltr'>sunt;</span> <span class='ocrx_word' id='word_1_101' title='bbox 1176 768 1243 806; x_wconf 89' lang='lat' dir='ltr'>sed</span> <span class='ocrx_word' id='word_1_102' title='bbox 1272 767 1357 817; x_wconf 90' lang='lat' dir='ltr'>plus</span> 
     </span>
     <span class='ocr_line' id='line_1_12' title="bbox 99 834 1390 884; baseline -0.001 -11"><span class='ocrx_word' id='word_1_103' title='bbox 99 835 177 873; x_wconf 88' lang='lat' dir='ltr'>suis</span> <span class='ocrx_word' id='word_1_104' title='bbox 203 834 367 873; x_wconf 88' lang='lat' dir='ltr'>comitiis</span> <span class='ocrx_word' id='word_1_105' title='bbox 390 834 499 883; x_wconf 89' lang='lat' dir='ltr'>plebs</span> <span class='ocrx_word' id='word_1_106' title='bbox 519 834 655 880; x_wconf 86' lang='lat' dir='ltr'>valuit;</span> <span class='ocrx_word' id='word_1_107' title='bbox 686 846 801 884; x_wconf 90' lang='lat' dir='ltr'>quem</span> <span class='ocrx_word' id='word_1_108' title='bbox 826 834 999 872; x_wconf 90' lang='lat' dir='ltr'>dolorem</span> <span class='ocrx_word' id='word_1_109' title='bbox 1025 834 1091 871; x_wconf 91' lang='lat' dir='ltr'>ulti</span> <span class='ocrx_word' id='word_1_110' title='bbox 1118 841 1245 883; x_wconf 88' lang='lat' dir='ltr'>patres</span> <span class='ocrx_word' id='word_1_111' title='bbox 1272 839 1390 872; x_wconf 85' lang='lat' dir='ltr'>sunt2</span> 
     </span>
     <span class='ocr_line' id='line_1_13' title="bbox 98 898 1359 948; baseline -0.002 -10"><span class='ocrx_word' id='word_1_112' title='bbox 98 907 252 938; x_wconf 86' lang='lat' dir='ltr'>senatus</span> <span class='ocrx_word' id='word_1_113' title='bbox 281 899 457 937; x_wconf 88' lang='lat' dir='ltr'>consulto</span> <span class='ocrx_word' id='word_1_114' title='bbox 488 898 598 946; x_wconf 88' lang='lat' dir='ltr'>sacto,</span> <span class='ocrx_word' id='word_1_115' title='bbox 628 906 668 936; x_wconf 92' lang='lat' dir='ltr'>ut</span> <span class='ocrx_word' id='word_1_116' title='bbox 699 899 888 945; x_wconf 88' lang='lat' dir='ltr'>consules,</span> <span class='ocrx_word' id='word_1_117' title='bbox 915 900 1056 936; x_wconf 84' lang='lat' dir='ltr'>invisus</span> <span class='ocrx_word' id='word_1_118' title='bbox 1083 899 1185 948; x_wconf 89' lang='lat' dir='ltr'>plebi</span> <span class='ocrx_word' id='word_1_119' title='bbox 1216 898 1359 947; x_wconf 88' lang='lat' dir='ltr'>magis-</span> 
     </span>
     <span class='ocr_line' id='line_1_14' title="bbox 97 964 1360 1014; baseline -0.001 -12"><span class='ocrx_word' id='word_1_120' title='bbox 97 972 227 1012; x_wconf 86' lang='lat' dir='ltr'>tratus,</span> <span class='ocrx_word' id='word_1_121' title='bbox 249 971 477 1002; x_wconf 84' lang='lat' dir='ltr'>crearentur.</span> <span class='ocrx_word' id='word_1_122' title='bbox 533 965 693 1002; x_wconf 87' lang='lat' dir='ltr'>Annum</span> <span class='ocrx_word' id='word_1_123' title='bbox 720 972 807 1014; x_wconf 89' lang='lat' dir='ltr'>post</span> <span class='ocrx_word' id='word_1_124' title='bbox 827 965 1003 1014; x_wconf 86' lang='lat' dir='ltr'>quintum</span> <span class='ocrx_word' id='word_1_125' title='bbox 1032 965 1226 1002; x_wconf 91' lang='lat' dir='ltr'>decimum</span> <span class='ocrx_word' id='word_1_126' title='bbox 1245 964 1360 1001; x_wconf 85' lang='lat' dir='ltr'>creati</span> 
     </span>
     <span class='ocr_line' id='line_1_15' title="bbox 97 1029 1564 1079; baseline -0.002 -11"><span class='ocrx_word' id='word_1_127' title='bbox 97 1030 274 1068; x_wconf 88' lang='lat' dir='ltr'>consules</span> <span class='ocrx_word' id='word_1_128' title='bbox 302 1030 346 1067; x_wconf 93' lang='lat' dir='ltr'>L.</span> <span class='ocrx_word' id='word_1_129' title='bbox 377 1030 577 1068; x_wconf 90' lang='lat' dir='ltr'>Lucretius</span> <span class='ocrx_word' id='word_1_130' title='bbox 607 1030 756 1076; x_wconf 85' lang='lat' dir='ltr'>Flavus,</span> <span class='ocrx_word' id='word_1_131' title='bbox 788 1029 866 1067; x_wconf 87' lang='lat' dir='ltr'>Ser.</span> <span class='ocrx_word' id='word_1_132' title='bbox 899 1029 1090 1079; x_wconf 85' lang='lat' dir='ltr'>Sulpicius</span> <span class='ocrx_word' id='word_1_133' title='bbox 1120 1029 1358 1067; x_wconf 90' lang='lat' dir='ltr'>Camerinus.</span> <span class='ocrx_word' id='word_1_134' title='bbox 1374 1043 1457 1073; x_wconf 60' lang='lat' dir='ltr'>Rc.</span> <span class='ocrx_word' id='word_1_135' title='bbox 1474 1044 1564 1072; x_wconf 76' lang='lat'>393.</span> 
     </span>
     <span class='ocr_line' id='line_1_16' title="bbox 97 1094 1390 1145; baseline -0.002 -13"><span class='ocrx_word' id='word_1_136' title='bbox 97 1095 291 1144; x_wconf 90' lang='lat' dir='ltr'>Principio</span> <span class='ocrx_word' id='word_1_137' title='bbox 318 1095 429 1132; x_wconf 91' lang='lat' dir='ltr'>huius</span> <span class='ocrx_word' id='word_1_138' title='bbox 456 1096 545 1132; x_wconf 90' lang='lat' dir='ltr'>anni</span> <span class='ocrx_word' id='word_1_139' title='bbox 571 1096 756 1141; x_wconf 86' lang='lat' dir='ltr'>ferociter,</span> <span class='ocrx_word' id='word_1_140' title='bbox 778 1095 867 1145; x_wconf 86' lang='lat' dir='ltr'>quia</span> <span class='ocrx_word' id='word_1_141' title='bbox 894 1107 1008 1133; x_wconf 89' lang='lat' dir='ltr'>nemo</span> <span class='ocrx_word' id='word_1_142' title='bbox 1034 1107 1081 1132; x_wconf 85' lang='lat' dir='ltr'>ex</span> <span class='ocrx_word' id='word_1_143' title='bbox 1109 1094 1271 1144; x_wconf 83' lang='lat' dir='ltr'>collegio</span> <span class='ocrx_word' id='word_1_144' title='bbox 1301 1094 1390 1138; x_wconf 88' lang='lat' dir='ltr'>in-3</span> 
     </span>
     <span class='ocr_line' id='line_1_17' title="bbox 97 1159 1359 1210; baseline -0.002 -12"><span class='ocrx_word' id='word_1_145' title='bbox 97 1168 327 1198; x_wconf 86' lang='lat' dir='ltr'>tercessurus</span> <span class='ocrx_word' id='word_1_146' title='bbox 359 1169 449 1205; x_wconf 88' lang='lat' dir='ltr'>erat,</span> <span class='ocrx_word' id='word_1_147' title='bbox 480 1161 622 1198; x_wconf 89' lang='lat' dir='ltr'>coortis</span> <span class='ocrx_word' id='word_1_148' title='bbox 660 1161 708 1198; x_wconf 89' lang='lat' dir='ltr'>ad</span> <span class='ocrx_word' id='word_1_149' title='bbox 746 1160 1009 1210; x_wconf 83' lang='lat' dir='ltr'>perferendam</span> <span class='ocrx_word' id='word_1_150' title='bbox 1042 1160 1167 1209; x_wconf 88' lang='lat' dir='ltr'>legem</span> <span class='ocrx_word' id='word_1_151' title='bbox 1199 1159 1359 1196; x_wconf 86' lang='lat' dir='ltr'>tribunis</span> 
     </span>
     <span class='ocr_line' id='line_1_18' title="bbox 98 1226 1358 1276; baseline -0.002 -13"><span class='ocrx_word' id='word_1_152' title='bbox 98 1227 230 1276; x_wconf 87' lang='lat' dir='ltr'>plebis,</span> <span class='ocrx_word' id='word_1_153' title='bbox 251 1239 322 1264; x_wconf 90' lang='lat' dir='ltr'>nec</span> <span class='ocrx_word' id='word_1_154' title='bbox 352 1227 508 1275; x_wconf 87' lang='lat' dir='ltr'>segnius</span> <span class='ocrx_word' id='word_1_155' title='bbox 537 1227 588 1263; x_wconf 95' lang='lat' dir='ltr'>ob</span> <span class='ocrx_word' id='word_1_156' title='bbox 618 1226 656 1263; x_wconf 91' lang='lat' dir='ltr'>id</span> <span class='ocrx_word' id='word_1_157' title='bbox 685 1226 810 1275; x_wconf 86' lang='lat' dir='ltr'>ipsum</span> <span class='ocrx_word' id='word_1_158' title='bbox 840 1226 1058 1264; x_wconf 87' lang='lat' dir='ltr'>consulibus</span> <span class='ocrx_word' id='word_1_159' title='bbox 1086 1226 1358 1269; x_wconf 85' lang='lat' dir='ltr'>resistentibus,</span> 
     </span>
     <span class='ocr_line' id='line_1_19' title="bbox 98 1290 1358 1340; baseline -0.002 -11"><span class='ocrx_word' id='word_1_160' title='bbox 98 1292 282 1340; x_wconf 89' lang='lat' dir='ltr'>omnique</span> <span class='ocrx_word' id='word_1_161' title='bbox 308 1291 456 1328; x_wconf 82' lang='lat' dir='ltr'>civitate</span> <span class='ocrx_word' id='word_1_162' title='bbox 484 1292 522 1327; x_wconf 93' lang='lat' dir='ltr'>in</span> <span class='ocrx_word' id='word_1_163' title='bbox 549 1303 666 1328; x_wconf 87' lang='lat' dir='ltr'>unam</span> <span class='ocrx_word' id='word_1_164' title='bbox 694 1303 780 1328; x_wconf 90' lang='lat' dir='ltr'>eam</span> <span class='ocrx_word' id='word_1_165' title='bbox 801 1303 931 1328; x_wconf 91' lang='lat' dir='ltr'>curam</span> <span class='ocrx_word' id='word_1_166' title='bbox 951 1303 1146 1336; x_wconf 87' lang='lat' dir='ltr'>conversa,</span> <span class='ocrx_word' id='word_1_167' title='bbox 1166 1290 1358 1328; x_wconf 85' lang='lat' dir='ltr'>Vitelliam</span> 
     </span>
     <span class='ocr_line' id='line_1_20' title="bbox 98 1354 1390 1405; baseline -0.002 -11"><span class='ocrx_word' id='word_1_168' title='bbox 98 1356 289 1394; x_wconf 87' lang='lat' dir='ltr'>coloniam</span> <span class='ocrx_word' id='word_1_169' title='bbox 311 1355 530 1393; x_wconf 82' lang='lat' dir='ltr'>Romanam</span> <span class='ocrx_word' id='word_1_170' title='bbox 552 1357 590 1393; x_wconf 87' lang='lat' dir='ltr'>in</span> <span class='ocrx_word' id='word_1_171' title='bbox 611 1368 682 1393; x_wconf 90' lang='lat' dir='ltr'>suo</span> <span class='ocrx_word' id='word_1_172' title='bbox 701 1369 794 1404; x_wconf 85' lang='lat' dir='ltr'>agro</span> <span class='ocrx_word' id='word_1_173' title='bbox 810 1356 934 1405; x_wconf 88' lang='lat' dir='ltr'>Aequi</span> <span class='ocrx_word' id='word_1_174' title='bbox 957 1362 1191 1405; x_wconf 82' lang='lat' dir='ltr'>expugnant.</span> <span class='ocrx_word' id='word_1_175' title='bbox 1240 1354 1357 1393; x_wconf 90' lang='lat' dir='ltr'>Colo·</span> <span class='ocrx_word' id='word_1_176' title='bbox 1371 1368 1390 1398; x_wconf 84' lang='lat'>4</span> 
     </span>
     <span class='ocr_line' id='line_1_21' title="bbox 98 1421 1360 1471; baseline -0.001 -13"><span class='ocrx_word' id='word_1_177' title='bbox 98 1434 236 1459; x_wconf 89' lang='lat' dir='ltr'>norum</span> <span class='ocrx_word' id='word_1_178' title='bbox 275 1433 365 1471; x_wconf 90' lang='lat' dir='ltr'>pars</span> <span class='ocrx_word' id='word_1_179' title='bbox 406 1422 576 1459; x_wconf 87' lang='lat' dir='ltr'>maxima</span> <span class='ocrx_word' id='word_1_180' title='bbox 615 1422 828 1467; x_wconf 88' lang='lat' dir='ltr'>incolumis,</span> <span class='ocrx_word' id='word_1_181' title='bbox 862 1422 952 1471; x_wconf 89' lang='lat' dir='ltr'>quia</span> <span class='ocrx_word' id='word_1_182' title='bbox 989 1429 1101 1459; x_wconf 89' lang='lat' dir='ltr'>nocte</span> <span class='ocrx_word' id='word_1_183' title='bbox 1143 1421 1360 1470; x_wconf 83' lang='lat' dir='ltr'>proditione</span> 
     </span>
     <span class='ocr_line' id='line_1_22' title="bbox 96 1486 1360 1537; baseline -0.001 -14"><span class='ocrx_word' id='word_1_184' title='bbox 96 1487 283 1537; x_wconf 86' lang='lat' dir='ltr'>oppidum</span> <span class='ocrx_word' id='word_1_185' title='bbox 305 1494 462 1536; x_wconf 90' lang='lat' dir='ltr'>captum</span> <span class='ocrx_word' id='word_1_186' title='bbox 486 1487 645 1524; x_wconf 87' lang='lat' dir='ltr'>liberam</span> <span class='ocrx_word' id='word_1_187' title='bbox 673 1499 741 1536; x_wconf 91' lang='lat' dir='ltr'>per</span> <span class='ocrx_word' id='word_1_188' title='bbox 762 1499 892 1523; x_wconf 84' lang='lat' dir='ltr'>aversa</span> <span class='ocrx_word' id='word_1_189' title='bbox 912 1486 1016 1523; x_wconf 88' lang='lat' dir='ltr'>urbis</span> <span class='ocrx_word' id='word_1_190' title='bbox 1042 1486 1173 1535; x_wconf 86' lang='lat' dir='ltr'>fugam</span> <span class='ocrx_word' id='word_1_191' title='bbox 1195 1486 1360 1531; x_wconf 89' lang='lat' dir='ltr'>dederat,</span> 
     </span>
     <span class='ocr_line' id='line_1_23' title="bbox 97 1551 1390 1601; baseline -0.002 -11"><span class='ocrx_word' id='word_1_192' title='bbox 97 1551 265 1590; x_wconf 88' lang='lat' dir='ltr'>Romam</span> <span class='ocrx_word' id='word_1_193' title='bbox 303 1551 514 1601; x_wconf 85' lang='lat' dir='ltr'>perfugere.</span> <span class='ocrx_word' id='word_1_194' title='bbox 571 1552 615 1589; x_wconf 92' lang='lat' dir='ltr'>L.</span> <span class='ocrx_word' id='word_1_195' title='bbox 655 1551 834 1589; x_wconf 86' lang='lat' dir='ltr'>Lucretio</span> <span class='ocrx_word' id='word_1_196' title='bbox 880 1551 1028 1589; x_wconf 88' lang='lat' dir='ltr'>consuli</span> <span class='ocrx_word' id='word_1_197' title='bbox 1073 1564 1119 1589; x_wconf 92' lang='lat' dir='ltr'>ea</span> <span class='ocrx_word' id='word_1_198' title='bbox 1163 1551 1390 1600; x_wconf 88' lang='lat' dir='ltr'>provincia5</span> 
     </span>
     <span class='ocr_line' id='line_1_24' title="bbox 96 1616 1349 1666; baseline -0.002 -11"><span class='ocrx_word' id='word_1_199' title='bbox 96 1617 231 1655; x_wconf 90' lang='lat' dir='ltr'>evenit.</span> <span class='ocrx_word' id='word_1_200' title='bbox 289 1617 328 1654; x_wconf 90' lang='lat' dir='ltr'>Is</span> <span class='ocrx_word' id='word_1_201' title='bbox 367 1629 456 1654; x_wconf 89' lang='lat' dir='ltr'>curn</span> <span class='ocrx_word' id='word_1_202' title='bbox 495 1618 663 1654; x_wconf 87' lang='lat' dir='ltr'>exercitu</span> <span class='ocrx_word' id='word_1_203' title='bbox 709 1616 902 1666; x_wconf 88' lang='lat' dir='ltr'>profectus</span> <span class='ocrx_word' id='word_1_204' title='bbox 947 1617 1027 1654; x_wconf 87' lang='lat' dir='ltr'>acie</span> <span class='ocrx_word' id='word_1_205' title='bbox 1066 1616 1197 1654; x_wconf 90' lang='lat' dir='ltr'>hostes</span> <span class='ocrx_word' id='word_1_206' title='bbox 1234 1617 1349 1654; x_wconf 87' lang='lat' dir='ltr'>vincit</span> 
     </span>
     <span class='ocr_line' id='line_1_25' title="bbox 96 1681 1360 1731; baseline 0.001 -13"><span class='ocrx_word' id='word_1_207' title='bbox 96 1682 290 1731; x_wconf 88' lang='lat' dir='ltr'>victorque</span> <span class='ocrx_word' id='word_1_208' title='bbox 335 1681 504 1719; x_wconf 85' lang='lat' dir='ltr'>Romam</span> <span class='ocrx_word' id='word_1_209' title='bbox 542 1682 589 1719; x_wconf 92' lang='lat' dir='ltr'>ad</span> <span class='ocrx_word' id='word_1_210' title='bbox 625 1683 749 1720; x_wconf 87' lang='lat' dir='ltr'>maius</span> <span class='ocrx_word' id='word_1_211' title='bbox 791 1682 986 1731; x_wconf 89' lang='lat' dir='ltr'>aliquanto</span> <span class='ocrx_word' id='word_1_212' title='bbox 1024 1689 1216 1719; x_wconf 89' lang='lat' dir='ltr'>certamen</span> <span class='ocrx_word' id='word_1_213' title='bbox 1252 1682 1360 1719; x_wconf 89' lang='lat' dir='ltr'>redit.</span> 
     </span>
     <span class='ocr_line' id='line_1_26' title="bbox 97 1746 1392 1797; baseline -0.001 -13"><span class='ocrx_word' id='word_1_214' title='bbox 97 1746 192 1785; x_wconf 87' lang='lat' dir='ltr'>Dies</span> <span class='ocrx_word' id='word_1_215' title='bbox 221 1747 322 1785; x_wconf 89' lang='lat' dir='ltr'>dicta</span> <span class='ocrx_word' id='word_1_216' title='bbox 352 1754 432 1785; x_wconf 87' lang='lat' dir='ltr'>erat</span> <span class='ocrx_word' id='word_1_217' title='bbox 461 1748 618 1785; x_wconf 86' lang='lat' dir='ltr'>tribunis</span> <span class='ocrx_word' id='word_1_218' title='bbox 648 1748 768 1797; x_wconf 91' lang='lat' dir='ltr'>plebis</span> <span class='ocrx_word' id='word_1_219' title='bbox 797 1747 940 1784; x_wconf 90' lang='lat' dir='ltr'>biennii</span> <span class='ocrx_word' id='word_1_220' title='bbox 969 1747 1172 1796; x_wconf 88' lang='lat' dir='ltr'>superioris</span> <span class='ocrx_word' id='word_1_221' title='bbox 1192 1748 1240 1785; x_wconf 93' lang='lat' dir='ltr'>A.</span> <span class='ocrx_word' id='word_1_222' title='bbox 1262 1747 1392 1788; x_wconf 81' lang='lat' dir='ltr'>Ver-6</span> 
     </span>
     <span class='ocr_line' id='line_1_27' title="bbox 97 1812 1419 1862; baseline 0 -13"><span class='ocrx_word' id='word_1_223' title='bbox 97 1813 203 1862; x_wconf 88' lang='lat' dir='ltr'>ginio</span> <span class='ocrx_word' id='word_1_224' title='bbox 225 1819 262 1850; x_wconf 89' lang='lat' dir='ltr'>et</span> <span class='ocrx_word' id='word_1_225' title='bbox 283 1812 334 1858; x_wconf 90' lang='lat' dir='ltr'>Q.</span> <span class='ocrx_word' id='word_1_226' title='bbox 357 1812 585 1862; x_wconf 90' lang='lat' dir='ltr'>Pomponio,</span> <span class='ocrx_word' id='word_1_227' title='bbox 607 1825 704 1862; x_wconf 89' lang='lat' dir='ltr'>quos</span> <span class='ocrx_word' id='word_1_228' title='bbox 733 1812 885 1850; x_wconf 89' lang='lat' dir='ltr'>defendi</span> <span class='ocrx_word' id='word_1_229' title='bbox 915 1819 1065 1861; x_wconf 88' lang='lat' dir='ltr'>patrum</span> <span class='ocrx_word' id='word_1_230' title='bbox 1095 1824 1289 1850; x_wconf 90' lang='lat' dir='ltr'>consensu</span> <span class='ocrx_word' id='word_1_231' title='bbox 1313 1812 1362 1850; x_wconf 90' lang='lat' dir='ltr'>ad</span> <span class='ocrx_word' id='word_1_232' title='bbox 1415 1828 1419 1830; x_wconf 49' lang='lat'><em>*</em></span> 
     </span>
     <span class='ocr_line' id='line_1_28' title="bbox 48 1877 1362 1927; baseline 0.001 -13"><span class='ocrx_word' id='word_1_233' title='bbox 48 1888 51 1891; x_wconf 84' lang='lat'><em>·</em></span> <span class='ocrx_word' id='word_1_234' title='bbox 97 1877 214 1914; x_wconf 90' lang='lat' dir='ltr'>fidem</span> <span class='ocrx_word' id='word_1_235' title='bbox 241 1884 396 1915; x_wconf 88' lang='lat' dir='ltr'>senatus</span> <span class='ocrx_word' id='word_1_236' title='bbox 422 1878 658 1927; x_wconf 86' lang='lat' dir='ltr'>pertinebat;</span> <span class='ocrx_word' id='word_1_237' title='bbox 695 1890 820 1927; x_wconf 88' lang='lat' dir='ltr'>neque</span> <span class='ocrx_word' id='word_1_238' title='bbox 848 1878 951 1915; x_wconf 91' lang='lat' dir='ltr'>enim</span> <span class='ocrx_word' id='word_1_239' title='bbox 979 1890 1046 1915; x_wconf 93' lang='lat' dir='ltr'>eos</span> <span class='ocrx_word' id='word_1_240' title='bbox 1072 1885 1136 1915; x_wconf 84' lang='lat' dir='ltr'>aut</span> <span class='ocrx_word' id='word_1_241' title='bbox 1161 1878 1258 1915; x_wconf 88' lang='lat' dir='ltr'>vitae</span> <span class='ocrx_word' id='word_1_242' title='bbox 1284 1878 1362 1915; x_wconf 92' lang='lat' dir='ltr'>ullo</span> 
     </span>
     <span class='ocr_line' id='line_1_29' title="bbox 98 1942 1359 1992; baseline 0.001 -13"><span class='ocrx_word' id='word_1_243' title='bbox 98 1942 257 1980; x_wconf 89' lang='lat' dir='ltr'>crimine</span> <span class='ocrx_word' id='word_1_244' title='bbox 294 1943 370 1980; x_wconf 91' lang='lat' dir='ltr'>alio</span> <span class='ocrx_word' id='word_1_245' title='bbox 408 1949 471 1979; x_wconf 89' lang='lat' dir='ltr'>aut</span> <span class='ocrx_word' id='word_1_246' title='bbox 509 1943 605 1992; x_wconf 86' lang='lat' dir='ltr'>gesti</span> <span class='ocrx_word' id='word_1_247' title='bbox 643 1943 889 1991; x_wconf 85' lang='lat' dir='ltr'>magistratus</span> <span class='ocrx_word' id='word_1_248' title='bbox 923 1943 1129 1992; x_wconf 90' lang='lat' dir='ltr'>quisquam</span> <span class='ocrx_word' id='word_1_249' title='bbox 1163 1944 1359 1991; x_wconf 87' lang='lat' dir='ltr'>arguebat,</span> 
     </span>
     <span class='ocr_line' id='line_1_30' title="bbox 99 2008 1361 2057; baseline 0.001 -13"><span class='ocrx_word' id='word_1_250' title='bbox 99 2013 365 2056; x_wconf 88' lang='lat' dir='ltr'>praeterquam</span> <span class='ocrx_word' id='word_1_251' title='bbox 394 2008 500 2057; x_wconf 89' lang='lat' dir='ltr'>quod</span> <span class='ocrx_word' id='word_1_252' title='bbox 534 2008 792 2057; x_wconf 86' lang='lat' dir='ltr'>gratificantes</span> <span class='ocrx_word' id='word_1_253' title='bbox 822 2008 992 2057; x_wconf 87' lang='lat' dir='ltr'>patribus</span> <span class='ocrx_word' id='word_1_254' title='bbox 1022 2008 1215 2057; x_wconf 88' lang='lat' dir='ltr'>rogationi</span> <span class='ocrx_word' id='word_1_255' title='bbox 1244 2009 1361 2045; x_wconf 89' lang='lat' dir='ltr'>tribu-</span> 
     </span>
     <span class='ocr_line' id='line_1_31' title="bbox 99 2072 1392 2123; baseline 0.002 -14"><span class='ocrx_word' id='word_1_256' title='bbox 99 2072 220 2110; x_wconf 89' lang='lat' dir='ltr'>niciae</span> <span class='ocrx_word' id='word_1_257' title='bbox 240 2073 552 2110; x_wconf 88' lang='lat' dir='ltr'>intercessissent.</span> <span class='ocrx_word' id='word_1_258' title='bbox 610 2072 713 2110; x_wconf 88' lang='lat' dir='ltr'>Vicit</span> <span class='ocrx_word' id='word_1_259' title='bbox 734 2079 863 2110; x_wconf 89' lang='lat' dir='ltr'>tamen</span> <span class='ocrx_word' id='word_1_260' title='bbox 882 2074 1044 2122; x_wconf 83' lang='lat' dir='ltr'>gratiam</span> <span class='ocrx_word' id='word_1_261' title='bbox 1065 2081 1218 2111; x_wconf 89' lang='lat' dir='ltr'>senatus</span> <span class='ocrx_word' id='word_1_262' title='bbox 1239 2073 1360 2123; x_wconf 90' lang='lat' dir='ltr'>plebis</span> <span class='ocrx_word' id='word_1_263' title='bbox 1374 2084 1392 2117; x_wconf 89' lang='lat'><em>7</em></span> 
     </span>
     <span class='ocr_line' id='line_1_32' title="bbox 99 2137 1361 2187; baseline 0.002 -13"><span class='ocrx_word' id='word_1_264' title='bbox 99 2137 166 2181; x_wconf 89' lang='lat' dir='ltr'>ira,</span> <span class='ocrx_word' id='word_1_265' title='bbox 186 2143 223 2174; x_wconf 90' lang='lat' dir='ltr'>et</span> <span class='ocrx_word' id='word_1_266' title='bbox 241 2138 410 2186; x_wconf 89' lang='lat' dir='ltr'>pessimo</span> <span class='ocrx_word' id='word_1_267' title='bbox 430 2138 608 2187; x_wconf 83' lang='lat' dir='ltr'>exemplo</span> <span class='ocrx_word' id='word_1_268' title='bbox 629 2138 777 2175; x_wconf 85' lang='lat' dir='ltr'>innoxii</span> <span class='ocrx_word' id='word_1_269' title='bbox 798 2138 907 2175; x_wconf 86' lang='lat' dir='ltr'>denis</span> <span class='ocrx_word' id='word_1_270' title='bbox 927 2138 1093 2176; x_wconf 89' lang='lat' dir='ltr'>millibus</span> <span class='ocrx_word' id='word_1_271' title='bbox 1120 2139 1244 2187; x_wconf 89' lang='lat' dir='ltr'>gravis</span> <span class='ocrx_word' id='word_1_272' title='bbox 1265 2139 1361 2177; x_wconf 88' lang='lat' dir='ltr'>aeris</span> 
     </span>
     <span class='ocr_line' id='line_1_33' title="bbox 100 2202 1393 2254; baseline 0.002 -15"><span class='ocrx_word' id='word_1_273' title='bbox 100 2202 347 2240; x_wconf 86' lang='lat' dir='ltr'>condemnati</span> <span class='ocrx_word' id='word_1_274' title='bbox 367 2209 464 2240; x_wconf 88' lang='lat' dir='ltr'>sunt.</span> <span class='ocrx_word' id='word_1_275' title='bbox 512 2203 558 2240; x_wconf 92' lang='lat' dir='ltr'>Id</span> <span class='ocrx_word' id='word_1_276' title='bbox 585 2215 698 2252; x_wconf 87' lang='lat' dir='ltr'>aegre</span> <span class='ocrx_word' id='word_1_277' title='bbox 726 2203 827 2252; x_wconf 86' lang='lat' dir='ltr'>passi</span> <span class='ocrx_word' id='word_1_278' title='bbox 848 2210 986 2252; x_wconf 87' lang='lat' dir='ltr'>patres.</span> <span class='ocrx_word' id='word_1_279' title='bbox 1033 2203 1215 2242; x_wconf 87' lang='lat' dir='ltr'>Camillus</span> <span class='ocrx_word' id='word_1_280' title='bbox 1232 2205 1393 2254; x_wconf 88' lang='lat' dir='ltr'>palam8</span> 
     </span>
     <span class='ocr_line' id='line_1_34' title="bbox 101 2266 1362 2318; baseline 0.001 -13"><span class='ocrx_word' id='word_1_281' title='bbox 101 2266 254 2306; x_wconf 85' lang='lat' dir='ltr'>sceleris</span> <span class='ocrx_word' id='word_1_282' title='bbox 293 2268 447 2318; x_wconf 92' lang='lat' dir='ltr'>plebem</span> <span class='ocrx_word' id='word_1_283' title='bbox 481 2280 651 2317; x_wconf 87' lang='lat' dir='ltr'>arguere,</span> <span class='ocrx_word' id='word_1_284' title='bbox 681 2279 781 2318; x_wconf 86' lang='lat' dir='ltr'>quae</span> <span class='ocrx_word' id='word_1_285' title='bbox 818 2268 896 2306; x_wconf 88' lang='lat' dir='ltr'>iam</span> <span class='ocrx_word' id='word_1_286' title='bbox 936 2269 975 2306; x_wconf 88' lang='lat' dir='ltr'>in</span> <span class='ocrx_word' id='word_1_287' title='bbox 1013 2280 1104 2307; x_wconf 90' lang='lat' dir='ltr'>suos</span> <span class='ocrx_word' id='word_1_288' title='bbox 1137 2282 1246 2308; x_wconf 87' lang='lat' dir='ltr'>versa</span> <span class='ocrx_word' id='word_1_289' title='bbox 1282 2282 1362 2308; x_wconf 91' lang='lat' dir='ltr'>non</span> 
     </span>
    </p>
   </div>
  </div>
 </body>
</html>
