1637 2554
305 128 557 161 I’ROPOSED
588 127 882 160 MJGRATJON
908 127 965 159 To
1002 127 1117 159 VEII.
1282 127 1333 172 75

81 242 239 269 manum
278 232 327 268 ab
366 228 451 269 solo'
489 231 612 280 patrio
651 243 695 268 ac
735 231 806 268 diis
844 231 1044 280 penatibus
1090 231 1128 267 in
1167 229 1330 268 hostium
1346 235 1535 263 Bassa.

81 297 214 334 urbem
244 303 411 346 agerent,
442 308 567 345 eoque
598 308 678 332 rem
714 296 958 341 adducerent,
987 303 1027 332 ut
1054 295 1189 332 melius
1222 295 1330 331 fuerit

80 373 160 399 non
198 362 283 410 capi
314 361 444 406 Veios,
483 374 532 398 ne
572 362 700 399 Roma
737 362 981 399 desereretur.
1037 360 1139 407 Quia
1178 373 1257 398 non
1295 360 1360 396 vil·

81 427 257 477 agebant,
278 427 345 464 sed
365 427 553 476 precibus,
573 434 609 464 et
630 427 727 463 inter
747 439 878 475 preces
905 427 1024 463 multa
1045 427 1204 464 deorum
1224 438 1330 463 men-

80 493 132 530 tio
170 499 260 539 erat,
299 492 519 541 religiosum
557 492 653 541 parti
692 493 883 529 maximae
915 491 994 537 fuit,
1026 499 1062 529 et
1094 491 1218 541 legem
1256 503 1332 527 una

79 557 205 607 plures
239 558 358 595 tribus
389 558 632 606 antiquarunt
666 569 782 606 quam
814 557 1011 594 iusserunt.
1065 556 1251 605 Adeoque
1285 565 1360 594 ea8

79 623 234 660 victoria
254 623 352 660 laeta
370 624 540 672 patribus
559 622 638 667 fuit,
659 631 699 658 ut
719 630 872 671 postero
893 622 952 659 die
973 621 1219 659 referentibus
1239 634 1330 659 con-

81 688 224 725 sulibus
253 695 406 726 senatus
435 687 651 725 consultum
690 687 805 733 fieret,
835 694 875 724 ut
904 688 985 737 agri
1016 687 1218 724 Veientani
1248 699 1332 736 sep-

80 761 167 790 tena
209 753 340 803 iugera
385 753 487 802 plebi
532 752 795 797 dividerentur,
836 764 907 789 nec
955 752 1124 801 patribus
1167 752 1331 789 familiae

79 826 238 864 tantum,
259 818 327 856 sed
352 825 393 855 ut
414 818 589 855 omnium
615 818 654 853 in
677 817 794 854 domo
821 817 1025 854 liberorum
1049 817 1217 866 capitum
1237 818 1333 855 ratio

79 883 292 930 haberetur,
312 883 528 932 vellentque
547 883 586 919 in
607 894 693 919 eam
714 894 821 931 spem
842 882 981 919 liberos
1004 882 1144 920 tollere.

79 1016 95 1051 ς
126 1021 152 1045 1.
186 1013 220 1044 C.
251 1013 404 1044 Valerius
433 1013 564 1043 Potitus
593 1012 664 1042 and
691 1013 741 1043 M.
772 1013 929 1043 stlanlius
959 1024 1014 1044 are
1044 1012 1159 1044 elected
1187 1013 1333 1044 Consuls.
1349 1013 1421 1046 Ch.
1439 1013 1498 1046 31.

167 1065 283 1095 Games
312 1075 369 1095 are
399 1065 480 1102 held,
513 1064 584 1094 ancl
607 1065 659 1094 the
691 1064 805 1104 temple
834 1064 874 1105 of
886 1065 983 1107 suno
1012 1064 1183 1095 dedicated.
1261 1068 1275 1102 ξ
1301 1078 1333 1106 4.

163 1117 194 1147 A
218 1116 310 1146 short
329 1116 501 1156 campazgn
522 1116 655 1156 against
675 1115 727 1146 tlte
751 1116 923 1156 Aequians
944 1115 972 1145 is
985 1115 1144 1156 followed
1162 1116 1201 1155 by
1219 1127 1239 1146 a
1263 1127 1335 1147 new

163 1179 238 1199 war
251 1168 333 1198 with
357 1168 508 1198 ls'ulsim‘i
528 1167 600 1198 ancl
620 1167 772 1207 Salpina.
819 1170 835 1204 ξ
856 1174 883 1207 ¹7.
911 1168 933 1197 7
936 1167 976 1197 'lte
1002 1167 1138 1198 Consuls
1162 1168 1270 1207 resz'gn
1293 1179 1334 1199 on

162 1224 297 1250 account
319 1220 359 1260 of
374 1220 494 1251 illncss.
539 1219 641 1260 After
659 1229 704 1249 an
729 1219 956 1260 interregnum
989 1219 1148 1258 lllz'litary
1174 1219 1335 1250 Trz'bzmcs

163 1281 220 1302 are
254 1271 375 1302 elected.
434 1272 466 1301 A
504 1281 576 1302 new
608 1280 719 1301 censor
748 1270 777 1300 is
812 1270 988 1311 appointed
1012 1280 1053 1300 on
1084 1270 1137 1301 tlte
1171 1270 1265 1301 death
1302 1272 1343 1313 of

167 1324 202 1354 C.
215 1323 348 1364 Julius.

131 1401 191 1439 Eo
207 1413 364 1438 munere
384 1400 548 1438 delenita
567 1400 689 1450 plebe,
706 1400 800 1437 nihil
819 1407 1002 1438 certatum
1022 1408 1088 1445 est,
1105 1413 1183 1450 quo
1202 1402 1329 1440 minus
1343 1409 1359 1438 1

77 1465 292 1504 consularia
321 1466 476 1503 comitia
503 1465 744 1503 haberentur.
801 1465 927 1503 Creati
957 1467 1133 1504 consules
1157 1466 1200 1503 L.
1213 1466 1360 1504 Vale-2

77 1533 152 1570 rius
173 1531 330 1577 Potitus,
361 1530 417 1568 M.
438 1530 617 1576 Manlius,
648 1532 708 1568 cui
730 1531 949 1581 Capitolino
977 1540 1113 1581 postea
1141 1531 1209 1569 fuit
1238 1544 1329 1580 cog·
1343 1543 1425 1571 nc.
1444 1544 1534 1571 392.

77 1608 232 1634 nomen.
267 1596 321 1633 Hi
341 1596 518 1633 consules
537 1608 702 1645 magnos
723 1596 832 1634 ludos
852 1596 986 1641 facere,
1007 1609 1105 1646 quos
1126 1596 1182 1633 M.
1196 1596 1331 1633 Furius

77 1662 238 1699 dictator
252 1669 403 1699 voverat
416 1661 569 1698 Veienti
590 1662 701 1699 bello.
741 1661 892 1699 Eodem
912 1674 1015 1698 anno
1035 1662 1149 1699 aedes
1169 1662 1329 1699 Iunonis
1344 1669 1362 1699 3

77 1727 231 1776 reginae
261 1728 310 1764 ab
339 1727 476 1765 eodem
506 1728 686 1765 dictatore
715 1727 930 1776 eodemque
969 1727 1069 1764 bello
1102 1734 1190 1765 vota
1223 1728 1330 1765 dedi-

77 1799 192 1839 catur,
225 1793 532 1842 celebratamque
571 1793 849 1830 dedicationem
885 1793 1030 1842 ingenti
1068 1800 1330 1830 matronarum

77 1857 203 1895 studio
229 1858 393 1896 tradunt.
449 1857 600 1895 Bellum
626 1858 728 1895 haud
753 1858 1001 1895 memorabile
1021 1859 1060 1895 in
1080 1858 1220 1907 Algido
1241 1865 1361 1896 cum4

77 1923 221 1973 Aequis
240 1931 391 1972 gestum
406 1930 474 1970 est,
489 1924 581 1962 fusis
601 1924 773 1962 hostibus
791 1925 894 1973 prius
907 1937 1042 1973 paene,
1057 1936 1174 1974 quam
1193 1936 1331 1961 manus

78 1996 333 2026 consererent.
390 1989 556 2036 Valerio,
591 1990 697 2040 quod
734 1990 1034 2039 perseverantior
1071 1989 1255 2027 caedendi
1293 1990 1333 2026 in

77 2053 168 2103 fuga
187 2054 267 2100 fuit,
287 2055 511 2104 fflumphus,
530 2054 689 2101 Manlio,
711 2062 750 2091 ut
771 2067 890 2092 ovans
918 2055 1178 2103 ingrederetur
1196 2056 1332 2093 urbem

78 2119 271 2157 decretum
291 2127 357 2157 est.
411 2120 564 2158 Eodem
593 2132 696 2157 anno
723 2133 865 2158 nomm
890 2120 1033 2157 bellum
1056 2133 1143 2157 cum
1163 2120 1362 2159 Vulsini-5

79 2185 234 2222 ensibus
262 2192 460 2231 exortum;
490 2198 568 2235 quo
587 2193 742 2235 propter
764 2186 906 2223 famem
933 2186 1263 2236 pestilentiamque
1292 2187 1332 2224 in

81 2262 174 2300 agro
191 2249 373 2289 Romano
393 2263 441 2289 ex
462 2252 631 2289 siccitate
652 2251 919 2301 caloribusque
939 2252 1067 2289 nimiis
1083 2258 1206 2290 ortam
1225 2264 1334 2290 exer-
