1670 2532
292 125 346 176 58
650 132 780 172 LJVY,
809 131 947 164 BOOK
970 131 1008 163 V.
1035 123 1098 172 18,
1124 134 1188 175 19.

89 239 172 270 3-0·
189 237 475 275 aee-vicarium
495 249 566 287 pro
585 249 646 274 me
667 238 719 275 rei
740 236 915 287 publicae
945 237 995 275 do
1025 237 1202 286 dicoque,
1223 248 1366 286 vosque
1393 249 1548 287 quaeso,

295 301 473 349 Quirites,
503 303 668 341 delatum
698 303 790 339 mihi
817 302 914 340 ultro
937 302 1125 340 honorem
1155 302 1244 340 huic
1273 303 1428 352 petenti,
1449 303 1548 341 meis

263 380 451 418 equoque
482 381 552 418 pro
586 380 633 406 eo
660 368 816 405 adiectis
849 368 1037 417 precibus,
1067 367 1278 405 mandetis!
1334 367 1481 405 Datum
1511 368 1548 406 id

295 434 439 483 petenti
470 434 578 482 patri,
611 433 784 482 filiusque
815 433 896 470 eius
924 432 963 470 P.
985 433 1156 471 Licinius
1187 434 1361 470 tribunus
1387 433 1548 470 militum

296 498 484 537 consulari
509 505 697 548 potestate
719 510 807 535 cum
828 498 884 543 iis,
906 510 1004 547 quos
1024 510 1138 547 supra
1169 499 1400 547 scripsimus,
1423 499 1547 536 decla-

265 567 283 600 7
297 571 409 601 ratus.
465 563 631 601 Titinius
652 563 926 612 Genuciusque
946 564 1084 601 tribuni
1105 565 1266 601 militum
1295 564 1453 613 profecti
1483 564 1549 601 ad-

296 641 426 666 versus
447 628 615 666 Faliscos
636 627 940 677 Capenatesque‚
963 629 1055 666 dum
1085 629 1226 666 bellum
1247 630 1389 667 maiore
1420 629 1550 666 animo

265 706 283 736 8
297 702 433 744 gerunt
452 707 568 744 quarn
588 694 760 738 consilio,
775 694 1067 744 praecipitavere
1088 696 1126 731 in
1147 695 1312 733 insidias
1354 694 1550 732 Genucius

296 767 417 798 morte
437 759 599 797 honesta
620 759 869 797 temeritatem
886 759 994 797 luens
1015 767 1102 797 ante
1119 761 1226 809 signa
1248 761 1344 798 inter
1364 760 1550 809 primores

297 825 432 863 cecidit
445 838 454 871 ;
482 824 648 862 Titinius
669 826 708 861 in
730 825 872 862 editum
888 826 1077 863 tumulum
1098 838 1145 863 ex
1166 827 1285 863 multa
1301 826 1549 875 trepidatione

297 891 477 928 militibus
506 890 674 928 collectis
709 891 830 928 aciem
866 892 1021 928 restituit
1034 905 1043 937 ;
1084 904 1155 928 nec
1186 904 1226 928 se
1259 899 1387 929 tamen
1425 902 1550 940 aequo

265 957 382 994 ssloco
408 955 508 993 hosti
536 956 740 994 commisit.
799 956 889 993 Plus
919 957 1150 1006 ignominiae
1181 964 1258 994 erat
1289 968 1403 1005 quarn
1434 956 1550 994 cladis

297 1028 510 1071 acceptum,
532 1034 630 1071 quae
652 1034 770 1072 prope
792 1022 830 1059 in
851 1022 999 1060 cladem
1030 1023 1223 1071 ingentem
1244 1023 1351 1059 vertit
1364 1034 1372 1068 ;
1404 1029 1551 1059 tantum

296 1086 385 1124 inde
405 1087 555 1125 terroris
575 1100 654 1125 non
671 1087 821 1126 Rornae
841 1088 970 1133 modo,
988 1100 1066 1138 quo
1087 1087 1282 1136 multiplex
1300 1086 1400 1124 sama
1421 1099 1550 1136 perve-

245 1160 284 1189 10
298 1158 416 1198 nerat‚
437 1152 505 1189 sed
525 1153 563 1189 in
584 1154 713 1191 castris
730 1165 884 1203 quoque
905 1153 971 1191 fuit
988 1154 1035 1190 ad
1051 1153 1180 1190 Veios.
1223 1152 1351 1202 Aegre
1371 1153 1422 1189 ibi
1441 1152 1550 1190 miles

297 1225 464 1256 retentus
483 1232 506 1256 a
525 1219 613 1269 fuga
629 1227 696 1267 est,
714 1233 832 1270 quum
852 1221 1075 1270 pervasisset
1090 1225 1214 1257 castra
1234 1231 1376 1265 rumor,
1390 1218 1551 1256 ducibus

295 1284 539 1334 exercituque
560 1298 672 1324 caeso
693 1286 873 1324 victorem
897 1286 1134 1335 Capenatem
1158 1297 1202 1322 ac
1224 1284 1417 1321 Faliscum
1436 1283 1550 1321 Etru-

296 1349 451 1400 riaeque
489 1363 647 1388 omnem
686 1352 919 1390 iuventutem
959 1351 1062 1389 haud
1100 1350 1232 1400 procul
1278 1350 1367 1388 inde
1405 1351 1549 1388 abesse.

245 1426 283 1456 11
301 1415 374 1452 His
393 1416 687 1455 tumultuosiora
708 1417 869 1463 Rornae,
883 1418 959 1455 iam
981 1423 1103 1454 castra
1123 1416 1171 1453 ad
1185 1416 1304 1454 Veios
1325 1416 1549 1466 oppugnari,

297 1482 374 1518 iarn
407 1488 555 1531 partem
589 1483 756 1521 hostium
789 1484 944 1521 tendere
975 1483 1023 1520 ad
1052 1483 1186 1520 urbem
1216 1483 1368 1531 agmine
1402 1482 1550 1528 infesto,

298 1547 535 1585 crediderant
548 1562 557 1595 ;
588 1561 893 1598 concursumque
915 1550 952 1585 in
973 1560 1104 1586 muros
1132 1555 1200 1593 est,
1221 1555 1257 1585 et
1277 1557 1550 1594 matronarum,

248 1623 286 1654 12
300 1625 395 1662 quas
427 1626 473 1652 ex
508 1615 624 1653 domo
654 1616 870 1653 conciverat
905 1615 1080 1664 publicus
1108 1626 1236 1663 pavor,
1266 1613 1551 1651 obsecrationes

297 1679 335 1715 in
356 1680 507 1728 templis
536 1679 669 1726 factae,
691 1682 947 1731 precibusque
977 1681 1026 1717 ab
1057 1679 1114 1717 dis
1143 1680 1313 1729 petitum,
1335 1686 1376 1716 ut
1396 1679 1550 1716 exitium

297 1744 347 1780 ab
367 1746 468 1782 urbis
488 1747 595 1784 tectis
617 1747 843 1796 templisque
865 1759 910 1784 ac
931 1746 1135 1783 moenibus
1158 1744 1346 1782 Romanis
1368 1751 1549 1790 arcerent,

298 1809 494 1860 Veiosque
514 1824 602 1849 eum
629 1819 838 1850 averterent
859 1819 1052 1857 terrorem,
1075 1811 1104 1847 si
1126 1822 1233 1848 sacra
1262 1818 1442 1848 renovata
1471 1811 1549 1855 rite,

297 1876 328 1912 si
349 1885 548 1925 procurata
568 1878 743 1927 prodigia
763 1884 900 1916 essent.

133 1959 204 1993 Ch.
222 1958 313 1996 19,§
336 1966 360 1988 1.
394 1958 597 1990 llseanwlzz'le
626 1959 680 1990 the
709 1959 819 1991 Alban
852 1959 922 1990 lake
951 1959 1011 1990 lias
1040 1959 1112 1989 been
1143 1958 1292 1989 draincd.
1346 1958 1395 1989 M.
1422 1958 1551 1989 Furius

384 2010 548 2040 Camillus
571 2011 600 2041 is
625 2011 746 2042 named
766 2011 926 2047 Dictator,
951 2011 1023 2042 ana'
1042 2015 1176 2042 restores
1198 2010 1369 2050 discipline
1391 2009 1462 2040 and
1481 2019 1552 2040 con-

369 2061 506 2102 fidencc.
589 2064 605 2100 §
632 2072 660 2102 5.
707 2063 740 2094 T
735 2063 774 2094 he
804 2063 924 2093 Latius
959 2062 1030 2093 and
1064 2062 1254 2092 Hcrnicans
1284 2062 1429 2102 promise
1467 2062 1550 2102 lzelp.

385 2114 549 2145 Camillus
567 2114 687 2156 descats
706 2114 760 2145 tlze
779 2115 906 2145 falisci
919 2115 989 2145 and
1005 2115 1189 2154 Capenates.
1238 2115 1254 2150 ξ
1272 2123 1301 2154 9.
1335 2114 1367 2144 T
1363 2113 1400 2144 lte
1420 2113 1502 2154 siege
1523 2114 1551 2144 is

374 2167 509 2206 pressed
525 2171 560 2197 at
585 2167 659 2198 Veii
678 2166 749 2196 and
766 2176 787 2196 a
809 2167 897 2197 mine
917 2165 1135 2197 constructed:
1162 2165 1215 2196 tlte
1235 2165 1368 2196 soldiers
1391 2165 1555 2205 relicving

382 2229 440 2249 one
461 2219 609 2251 another.

269 2285 284 2313 1
353 2280 437 2318 Iam
476 2280 553 2318 ludi
586 2280 821 2330 Latinaeque
855 2279 1082 2317 instauratae
1117 2285 1236 2325 erant,
1271 2279 1347 2315 iam
1383 2292 1429 2317 ex
1464 2278 1549 2316 lacu
