1637 2554
314 135 367 169 M.
390 134 571 167 FURJUS
602 135 784 167 CAMJLL
792 135 850 167 css
875 135 1028 167 DICTA
1037 135 1138 168 roze.
1300 135 1354 178 59

97 240 251 278 Albano
280 252 380 290 aqua
407 229 614 278 {missam
644 252 767 289 agros,
789 240 971 290 Veiisque
1001 240 1076 277 fata
1106 239 1347 288 appetebant.
1366 252 1555 282 nagge.

99 304 219 354 Igitur
246 305 367 343 fatalis
393 306 471 343 dux
503 306 551 343 ad
581 306 771 343 excidium
802 305 899 342 illius
928 305 1032 342 urbis
1062 305 1381 353 servandaeque2

98 371 253 420 patriae,
293 370 348 408 M.
382 370 518 407 Furius
550 370 734 407 Camillus
773 370 935 408 dictator
967 370 1089 407 dictus
1123 371 1346 419 magistrum

98 436 268 484 equitum
298 435 340 473 P.
361 435 583 473 Cornelium
615 435 835 484 Scipionem
862 435 966 472 dixit.
1025 435 1168 473 Omnia
1193 441 1380 484 repente3

98 508 307 538 mutaverat
344 501 552 550 imperator
589 508 779 546 mutatus;
828 500 899 537 alia
933 512 1032 549 spes,
1069 500 1163 537 alius
1198 501 1350 537 animus

97 564 311 611 hominum,
345 565 497 603 fortuna
535 578 689 614 quoque
728 565 800 602 alia
839 566 940 602 urbis
979 566 1104 603 videri.
1162 564 1375 603 Omnium4

98 630 265 679 primurn
295 631 333 667 in
363 643 442 676 eos,
465 632 529 680 qui
555 644 577 668 a
597 631 702 668 Veiis
723 631 761 667 in
782 631 845 668 illo
867 643 1008 680 pavore
1036 631 1222 680 fugerant,
1242 643 1350 668 more

98 695 248 732 militari
278 696 554 742 animadvertit,
578 696 790 746 effecitque,
813 709 861 733 ne
882 696 1002 734 hostis
1027 697 1193 734 maxime
1214 697 1351 734 timen-

98 761 167 798 dus
196 761 303 798 militi
334 768 444 798 esset.
502 760 654 798 Deinde
684 762 827 799 indicto
856 762 994 799 dilectu
1015 762 1053 798 in
1073 762 1176 799 diem
1195 769 1350 808 certam,

97 826 177 875 ipse
198 826 347 863 interim
368 826 487 864 Veios
507 827 555 863 ad
575 827 859 864 confirmandos
886 827 1046 864 militum
1068 827 1217 865 animos
1237 827 1350 865 inter-

97 891 212 928 currit
223 904 233 938 ς
274 891 363 929 inde
398 891 567 929 Romam
601 892 650 928 ad
688 891 930 929 scribendum
964 904 1107 929 novum
1141 892 1381 929 exercitum5

97 956 203 1001 redit,
220 956 325 994 nuilo
345 956 578 994 detrectante
594 957 778 994 militiam.
809 957 1014 1005 Peregrina
1030 957 1144 994 etiam
1165 957 1350 1002 iuventus,

98 1021 224 1058 Latini
247 1021 496 1071 Hernicique,
521 1035 679 1071 operam
703 1035 812 1059 suam
841 1022 1063 1072 pollicentes
1084 1022 1132 1059 ad
1152 1022 1189 1059 id
1209 1022 1351 1060 bellum

97 1099 258 1132 venere;
301 1088 438 1136 quibus
472 1100 591 1136 quum
617 1088 756 1136 gratias
783 1088 822 1124 in
852 1095 986 1124 senatu
1016 1088 1152 1137 egisset
1179 1087 1382 1134 dictator‚6

98 1153 188 1190 satis
216 1153 292 1189 iam
322 1153 502 1190 omnibus
525 1153 573 1190 ad
592 1153 630 1190 id
651 1153 792 1190 bellum
818 1153 969 1203 paratis,
991 1152 1100 1190 ludos
1120 1165 1283 1202 magnos
1303 1166 1350 1190 ex

98 1225 251 1256 senatus
280 1218 457 1256 consulto
477 1219 576 1255 vovit
596 1218 702 1255 Veiis
722 1219 841 1268 captis
862 1230 901 1255 se
922 1217 1107 1255 facturum
1137 1218 1350 1267 aedemque

100 1283 272 1321 Matutae
294 1282 429 1321 Matris
457 1284 637 1321 resectam
666 1284 937 1329 dedicaturum,
963 1284 1039 1321 iam
1068 1291 1155 1321 ante
1185 1285 1234 1321 ab
1262 1296 1352 1333 rege

102 1349 332 1402 SenTullio
360 1349 584 1387 dedicatam.
642 1349 838 1387 Profectus
867 1362 954 1387 cum
984 1349 1150 1387 exercitu
1179 1349 1228 1386 ab
1256 1350 1382 1386 urbe7

100 1415 383 1464 exspectatione
403 1415 606 1453 hominum
625 1415 769 1453 maiore
789 1427 906 1464 quam
925 1428 1003 1464 spe,
1019 1415 1057 1451 in
1073 1427 1166 1464 agro
1186 1415 1352 1464 primum

101 1480 298 1530 Nepesino
335 1493 422 1518 cum
461 1480 618 1518 Faliscis
656 1489 693 1518 et
731 1480 991 1530 Capenatibus
1038 1481 1148 1529 signa
1194 1479 1351 1518 confert.

100 1545 243 1584 Omnia
261 1546 313 1583 ibi
335 1558 485 1584 summa
514 1547 660 1584 ratione
681 1547 916 1595 consilioque
946 1553 1030 1584 acta
1052 1546 1202 1583 fortuna
1221 1545 1347 1591 etiam,
1365 1553 1383 1583 8

99 1618 139 1648 ut
159 1611 211 1657 fit,
239 1619 369 1649 secuta
395 1618 462 1649 est.
519 1611 612 1650 Non
640 1612 786 1661 proelio
814 1619 963 1649 tantum
992 1611 1086 1648 fudit
1115 1611 1254 1656 hostes,
1286 1611 1354 1648 sed

99 1676 229 1714 eastris
257 1689 414 1727 quoque
443 1677 547 1714 exuit
566 1677 788 1727 ingentique
817 1677 958 1726 praeda
979 1684 1034 1714 est
1054 1676 1218 1726 potitus;
1248 1677 1354 1713 cuius

98 1754 186 1792 pars
213 1743 384 1780 maxima
403 1743 452 1780 ad
471 1750 714 1793 quaestorem
735 1743 886 1780 redacta
906 1749 973 1788 est,
996 1741 1099 1778 haud
1117 1741 1168 1778 ita
1187 1741 1351 1778 multum

99 1808 206 1845 militi
228 1808 370 1845 datum.
423 1808 520 1846 Inde
535 1809 584 1845 ad
598 1808 716 1845 Veios
732 1808 920 1845 exercitus
940 1807 1084 1852 ductus,
1098 1807 1349 1856 densioraque
1363 1813 1382 1842 9

99 1874 252 1911 castella
281 1874 391 1920 facta,
412 1881 449 1912 et
477 1887 500 1911 a
528 1874 888 1924 procursationibus,
911 1886 1009 1923 quae
1038 1872 1179 1909 multae
1208 1878 1352 1909 temere

98 1940 196 1977 inter
227 1952 381 1977 murum
413 1953 458 1978 ac
488 1940 629 1977 vallum
658 1940 811 1985 fiebant,
842 1939 978 1984 edicto,
1007 1951 1056 1975 ne
1091 1938 1175 1987 quis
1208 1937 1354 1975 iniussu

98 2013 297 2054 pugnaret,
319 2006 368 2043 ad
387 2018 484 2056 opus
503 2005 640 2042 milites
659 2005 830 2042 traducti.
887 2004 1059 2053 Operum
1090 2003 1156 2040 fuit
1177 2003 1350 2040 omnium
1365 2013 1404 2042 10

99 2070 215 2119 longe
242 2071 456 2108 maximum
485 2083 529 2108 ac
558 2070 900 2107 laboriosissimum
929 2068 1125 2106 cuniculus
1153 2069 1192 2104 in
1221 2080 1351 2105 arcem

99 2135 268 2173 hostium
288 2137 350 2186 agi
369 2143 538 2185 coeptus.
595 2135 715 2182 Quod
743 2147 792 2172 ne
817 2135 1126 2172 intermitteretur
1145 2146 1251 2183 opus,
1273 2146 1349 2171 neu
1363 2141 1402 2170 11

100 2201 182 2243 sub,
191 2208 289 2238 terra
307 2201 511 2239 continuus
539 2200 648 2238 labor
666 2200 824 2237 eosdem
844 2199 1058 2246 conficeret,
1079 2200 1119 2236 in
1138 2206 1264 2249 partes
1284 2211 1350 2236 sex

101 2246 247 2264 Μνυρ
256 2244 300 2265 ra‘

101 2267 335 2304 munitorum
354 2278 558 2303 numerum
587 2265 709 2303 divisit
721 2277 731 2312 ;
761 2277 876 2302 senae
895 2264 1012 2302 horae
1032 2265 1071 2302 in
1091 2266 1225 2303 orbem
1245 2266 1352 2314 operi
