1637 2554
396 128 504 159 WAR
542 127 682 158 WlTll
710 125 986 166 TARQUJNH.
1237 116 1316 169 183

60 234 190 285 populi
223 233 364 272 bellurn
398 234 591 279 indixere3
631 232 829 282 Fabioque
858 244 903 269 ca
931 231 1137 281 provincia,
1167 230 1316 267 Plautio
1330 237 1520 266 B.c.358.

63 300 220 337 Hernici
236 312 405 337 evenere.
455 298 590 336 Gallici
606 310 759 347 quoque
775 297 861 334 belli
875 296 977 334 fama
990 296 1293 334 increbrescebat
1308 307 1315 339 ;
1333 309 1349 339 7

61 363 127 401 sed
147 363 242 399 inter
261 361 402 399 multos
423 369 585 398 terrores
601 361 737 398 solatio
752 359 820 398 fuit
840 373 915 410 pax
937 359 1084 396 Latinis
1103 358 1318 409 petentibus

61 428 149 466 data
171 435 208 465 et
227 439 369 476 magna
389 427 443 463 vis
463 426 626 463 militum
646 427 695 463 ab
716 426 760 462 iis
783 438 831 463 ex
856 425 1008 462 foedere
1029 432 1188 471 vetusto,
1212 424 1318 474 quod

60 492 187 530 multis
207 493 485 529 intermiserant
505 492 628 537 annis,
649 499 821 540 accepta.
879 490 969 538 Quo
990 490 1180 540 praesidio
1199 502 1318 540 quum
1332 495 1349 525 S

61 557 152 595 sulta
189 570 249 595 res
283 557 463 594 Romana
502 563 612 599 esset,
645 556 762 594 levius
800 556 880 601 fuit,
915 555 1021 605 quod
1055 555 1190 594 Gallos
1225 567 1318 593 mox

62 623 264 660 Praeneste
302 623 449 660 venisse
488 630 602 671 atque
642 621 730 659 inde
770 622 870 659 circa
909 621 1057 658 Pedum
1097 620 1318 659 consedisse

61 688 231 725 auditum
278 694 345 725 est.
420 687 659 725 Dictatorem
699 687 773 724 dici
813 686 856 724 C.
900 685 1112 736 Sulpicium
1153 686 1294 735 placuit
1307 697 1349 732 ;.s›

61 753 195 791 consul
221 753 271 791 ad
293 754 331 791 id
360 753 502 791 accitus
528 753 572 791 C.
593 752 763 790 Plautius
788 753 905 798 dixit;
937 753 1119 801 magister
1147 752 1319 802 equiturn

61 819 234 856 dictatori
271 818 423 856 additus
463 818 518 856 M.
550 818 736 856 Valerius.
799 818 854 854 Hi
893 818 1034 855 robora
1071 817 1234 854 militum
1271 829 1319 854 ex

61 884 212 921 duobus
251 883 518 921 consularibus
557 883 784 921 exercitibus
819 883 939 920 electa
973 883 1153 920 adversus
1188 882 1320 920 Gallos

62 950 261 987 duxerunt.
335 948 493 986 Lentius
538 949 577 986 id
625 949 821 998 aliquanto
870 949 1025 994 bellum,
1064 961 1183 998 quam
1224 947 1374 997 partim

62 1015 207 1064 utn‘que
237 1014 424 1064 placebat,
455 1015 534 1052 suit.
593 1014 725 1060 Quum
754 1015 878 1064 primo
909 1014 1011 1052 Galli
1039 1021 1190 1051 tantum
1222 1012 1321 1050 avidi

61 1081 278 1119 certaminis
315 1080 485 1126 fuissent,
524 1080 661 1118 deinde
701 1080 903 1118 Romanus
941 1080 1049 1117 miles
1095 1079 1243 1117 ruendo
1282 1079 1321 1114 in

62 1159 169 1184 arma
206 1159 250 1184 ac
299 1146 587 1184 dimicationem
635 1146 873 1195 aliquantum
912 1145 1103 1184 Gallicam
1140 1144 1321 1182 ferociam

62 1213 240 1258 vinceret,
286 1212 459 1250 dictatori
507 1212 731 1262 neutiquam
778 1212 965 1261 placebat,
1014 1211 1172 1261 quando
1218 1209 1320 1247 nulla
1335 1215 1375 1244 11

63 1282 218 1325 cogeret
254 1287 325 1320 res,
363 1275 539 1312 fortunae
583 1287 623 1312 se
663 1276 900 1312 committere
941 1274 1121 1312 adversus
1157 1273 1319 1317 hostem,

63 1353 179 1391 quem
202 1347 352 1390 tempus
372 1340 598 1378 deteriorem
622 1341 661 1377 in
685 1340 765 1377 dies
795 1337 866 1392 [et]
893 1340 989 1377 locis
1018 1339 1152 1376 alienis
1177 1338 1322 1376 faceret

63 1406 144 1443 sine
179 1412 405 1455 praeparato
435 1412 666 1450 commeatu,
697 1405 778 1442 sine
809 1405 918 1442 firmo
949 1404 1190 1441 munimento
1219 1415 1321 1441 mor-

63 1479 205 1516 antem,
236 1471 284 1508 ad
313 1470 386 1508 hoc
416 1471 460 1508 iis
489 1471 714 1520 corporibus
747 1471 973 1519 animisque,
998 1482 1165 1519 quorum
1195 1469 1322 1507 omnis

63 1538 103 1574 in
122 1537 268 1586 impetu
287 1537 342 1573 vis
361 1544 471 1582 esset,
491 1536 608 1586 parva
627 1536 763 1574 eadem
784 1536 1049 1585 languesceret
1067 1547 1188 1572 mora.
1246 1534 1321 1571 His
1336 1538 1374 1568 12

64 1603 231 1640 consiliis
271 1602 432 1641 dictator
475 1601 618 1640 bellum
657 1602 840 1647 trahebat,
881 1612 1114 1650 gravemque
1152 1600 1322 1637 edixerat

63 1680 242 1717 poenam,
274 1668 305 1705 si
343 1668 428 1717 quis
467 1668 614 1705 iniussu
650 1667 690 1704 in
721 1667 870 1704 hostem
903 1672 1123 1715 pugnasset.
1181 1664 1322 1702 Milites

64 1745 176 1783 aegre
195 1733 234 1770 id
253 1733 440 1783 patientes
459 1734 584 1783 primo
607 1734 646 1770 in
672 1734 898 1771 stationibus
920 1732 1130 1782 xigifflsque
1158 1731 1255 1768 inter
1282 1742 1322 1767 se

65 1798 286 1836 dictatorem
315 1800 555 1838 sermonibus
583 1811 750 1849 carpere,
772 1798 963 1836 interdum
990 1804 1118 1847 patres
1147 1807 1322 1833 commu-

65 1864 161 1900 niter
198 1865 406 1913 increpare,
440 1865 547 1915 quod
584 1878 663 1903 non
700 1865 897 1902 iussissent
930 1876 998 1913 per
1032 1861 1209 1900 consules
1241 1861 1322 1910 geri

65 1928 230 1967 bellum:
278 1930 442 1967 electum
486 1942 569 1967 esse
615 1930 800 1967 eximium
845 1930 1127 1978 imperatorem,
1165 1927 1322 1964 um’cum
1336 1935 1375 1965 13

66 1994 215 2040 ducem,
254 1995 319 2044 qui
357 1995 449 2032 nihil
489 1996 617 2045 agenti
655 1996 725 2033 sibi
758 1994 806 2032 de
840 1994 949 2032 caelo
989 1993 1250 2031 devolaturam
1282 1992 1361 2059 in3

67 2059 193 2097 sinum
221 2061 418 2098 victoriam
452 2067 616 2098 censeat.
671 2060 823 2098 Eadem
855 2059 994 2097 deinde
1030 2059 1125 2096 haec
1159 2057 1322 2095 interdiu
1348 2058 1355 2064 '

66 2124 267 2173 propalam
293 2137 337 2162 ac
363 2125 551 2163 ferociora
573 2125 632 2162 his
658 2125 820 2162 iactare:
851 2137 892 2162 se
918 2125 1063 2162 iniussu
1083 2122 1323 2172 imperatoris

67 2193 132 2224 aut
152 2186 394 2225 dimicaturos
410 2194 474 2224 aut
489 2187 644 2237 agmine
658 2187 828 2224 Romam
843 2188 974 2225 ituros.
1031 2186 1322 2235 Immiscerique
1338 2190 1378 2220 14

68 2251 250 2289 militibus
277 2252 533 2298 centuriones,
563 2264 635 2289 nec
659 2252 699 2288 in
728 2252 878 2290 circulis
905 2252 1026 2290 modo
1054 2251 1227 2298 fremere,
1255 2251 1324 2289 sed
