1736 2521
354 120 435 172 ¹202
735 138 865 179 LJVY,
895 138 1032 170 BOOK
1055 138 1133 171 νη.
1158 129 1222 171 26.

150 269 233 298 ΒΩ.
251 271 340 298 349.
357 269 371 304 ξ
394 275 421 297 1.
446 268 476 297 A
490 266 640 307 gv'gantz'c
659 266 748 297 Gaul
761 265 938 306 challenges
954 265 1006 296 the
1021 276 1127 306 army,
1144 265 1215 295 and
1232 265 1260 295 is
1277 269 1340 296 met
1359 264 1397 305 by
1411 275 1432 295 a
1454 264 1606 305 military

440 318 582 354 tribune,
601 318 652 348 M.
672 317 835 352 Valerius,
853 317 925 347 wlto
940 317 1059 358 descals
1073 317 1144 347 him
1162 316 1243 347 with
1264 317 1316 347 the
1333 316 1395 346 aid
1409 315 1449 357 of
1455 326 1475 346 a
1495 326 1605 347 raven.

443 372 459 407 ξ
481 368 511 400 6.
543 370 574 399 Α
598 369 737 409 general
759 368 855 399 battle
875 368 1017 409 follows,
1044 368 1116 398 and
1139 368 1192 398 the
1221 368 1324 399 Gauls
1349 377 1407 398 are
1432 366 1550 398 driven
1577 372 1607 398 to

440 420 578 461 Apulia.
650 423 665 457 ξ
687 428 734 450 10.
762 420 926 450 Camillus
939 420 1034 461 J'oins
1046 419 1155 461 jorres
1173 419 1255 450 with
1274 419 1326 450 tlte
1340 423 1476 460 praetor
1493 418 1565 449 who
1579 418 1607 448 is

434 472 611 512 guardt'ng
634 471 686 501 the
715 475 824 502 coasts.
903 474 918 508 ξ
943 480 990 502 12.
1019 471 1070 502 M.
1097 471 1249 502 l'alm'us
1283 471 1410 502 Corvus
1440 470 1468 500 is
1497 469 1611 501 elected

439 523 553 554 consul
576 522 657 553 with
684 523 733 553 M.
762 522 926 563 Popillius
954 523 1093 553 Laenas.
1163 525 1178 560 ξ
1200 531 1249 562 14.
1284 522 1348 553 The
1379 521 1494 553 Greeks
1520 521 1609 562 (who

441 585 524 606 were
533 574 690 615 probably
694 574 790 616 from
808 574 924 614 Sicily)
944 575 1031 605 leave
1046 575 1098 606 tlte
1114 574 1243 605 Italian
1258 578 1366 605 coasts.

138 652 292 687 ch‚26‚
329 657 343 685 1
412 641 488 679 Ubi
515 653 634 691 quum
664 643 703 678 in
732 641 958 678 stationibus
977 642 1093 690 quieti
1113 648 1263 691 tempus
1283 647 1454 687 tererent,
1477 639 1609 678 Gallus

356 707 536 756 processit
565 706 828 756 magnitudine
857 714 970 756 atque
1001 707 1116 744 armis
1149 707 1330 755 insignis;
1360 706 1610 756 quatiensque

354 779 504 810 scutum
533 771 641 809 hasta
670 783 789 820 quum
815 771 1006 809 silentium
1030 772 1188 819 fecisset,
1209 779 1391 822 provocat
1410 784 1477 822 per
1497 771 1610 808 inter-

354 844 498 886 pretem
535 848 655 873 unum
686 849 733 873 ex
774 835 973 882 Romanis,
1013 838 1077 886 qui
1115 849 1245 875 secum
1281 836 1378 875 ferro
1419 836 1609 874 decernat.

321 899 409 936 ΞΜ.
441 906 518 936 erat
549 899 724 936 Valerius
754 900 926 936 tribunus
954 899 1118 936 militum
1147 900 1379 944 adolescens,
1409 899 1474 948 qui
1509 898 1611 936 haud

354 963 609 1013 indigniorem
639 976 685 1001 eo
715 963 852 1001 decore
880 975 920 1001 se
947 976 1064 1013 quam
1086 964 1134 1001 T.
1155 964 1345 1002 Manlium
1375 972 1488 1010 ratus,
1510 964 1612 1014 prius

355 1029 566 1067 sciscitatus
595 1029 764 1067 consulis
792 1029 1035 1075 voluntatem,
1062 1030 1100 1066 in
1129 1030 1298 1067 medium
1328 1037 1494 1067 armatus
1522 1041 1611 1079 pro-

322 1102 341 1132 3
356 1095 476 1133 cessit.
534 1094 666 1132 Minus
687 1095 835 1144 insigne
865 1102 1057 1132 certamen
1082 1094 1295 1132 humanum
1318 1095 1475 1132 nurnine
1500 1095 1611 1132 inter-

355 1161 480 1211 posito
512 1160 672 1198 deorum
703 1159 869 1206 factum;
901 1172 1070 1210 namque
1098 1161 1312 1198 conserenti
1347 1160 1423 1198 iam
1453 1171 1612 1197 manum

357 1226 539 1264 Romano
577 1237 712 1264 corvus
750 1233 904 1275 repente
942 1226 980 1263 in
1018 1226 1128 1275 galea
1165 1226 1348 1271 consedit,
1387 1226 1425 1262 in
1463 1225 1613 1263 hostem

323 1299 492 1330 4versus.
551 1290 669 1338 Quod
702 1292 827 1342 primo
856 1299 897 1329 ut
927 1293 1127 1341 augurium
1160 1291 1266 1330 caelo
1296 1292 1455 1329 missum
1492 1291 1614 1328 laetus

355 1358 501 1408 accepit
530 1358 713 1403 tribunus,
744 1366 921 1407 precatus
950 1358 1099 1404 deinde,
1123 1358 1153 1395 si
1183 1357 1301 1402 divus,
1331 1357 1361 1394 si
1390 1357 1476 1394 diva
1503 1364 1612 1401 esset,

356 1424 422 1474 qui
460 1424 531 1461 sibi
576 1431 794 1473 praepetem
837 1425 1010 1470 misisset,
1050 1423 1183 1462 volens
1226 1423 1412 1473 propitius
1455 1422 1613 1460 adesset.

323 1495 341 1526 5
356 1489 471 1527 Dictu
491 1490 671 1535 mirabile,
693 1491 812 1527 tenuit
833 1503 912 1528 non
935 1490 1059 1527 solum
1075 1489 1154 1527 ales
1170 1497 1319 1539 captam
1339 1488 1454 1527 semel
1471 1464 1612 1534 ζέῗπῑπι,
1655 1486 1658 1489 ’

356 1555 433 1601 sed,
455 1556 759 1605 quotiescunque
786 1563 979 1593 certamen
1008 1556 1145 1592 initum
1171 1562 1237 1600 est,
1259 1554 1387 1592 levans
1412 1566 1452 1592 se
1478 1554 1545 1591 alis
1569 1565 1614 1592 os

355 1620 567 1670 oculosque
588 1620 705 1659 hostis
719 1628 840 1660 rostro
860 1629 895 1659 et
916 1621 1108 1670 unguibus
1129 1621 1282 1670 appetit,
1300 1620 1424 1658 donec
1443 1619 1613 1657 territum

355 1686 516 1736 prodigii
555 1687 637 1724 talis
675 1688 757 1724 visu
794 1688 991 1737 oculisque
1031 1686 1142 1724 simul
1180 1698 1224 1723 ac
1263 1692 1390 1723 mente
1423 1685 1614 1722 turbatum

357 1752 532 1790 Valerius
553 1753 777 1800 obtruncat;
809 1765 943 1791 corvus
969 1765 1015 1790 ex
1043 1759 1252 1801 conspectu
1281 1751 1403 1789 elatus
1429 1751 1613 1789 orientem

325 1819 460 1868 6petit.
517 1818 719 1856 Hactenus
753 1820 902 1868 quietae
935 1819 1112 1868 utrinque
1147 1819 1326 1855 stationes
1359 1816 1483 1862 fuere;
1511 1823 1615 1866 post-

358 1895 475 1934 quam
506 1884 668 1933 spoliare
702 1897 840 1934 corpus
871 1884 971 1922 caesi
1011 1883 1129 1921 hostis
1162 1883 1337 1920 tribunus
1371 1882 1508 1931 coepit,
1542 1893 1614 1919 nec

358 1949 459 1988 Galli
494 1961 534 1986 se
573 1950 733 1987 statione
771 1956 984 1996 tenuerunt,
1015 1956 1051 1986 et
1091 1948 1358 1986 Romanorum
1395 1959 1528 1985 cursus
1566 1946 1616 1985 ad

358 2016 538 2053 victorem
559 2016 673 2053 etiam
695 2017 800 2054 ocior
821 2016 900 2054 suit.
958 2015 1015 2053 Ibi
1043 2015 1142 2052 circa
1167 2014 1324 2051 iacentis
1349 2013 1449 2052 Galli
1477 2025 1614 2063 corpus

327 2088 557 2122 7contract0
592 2083 809 2128 certamine,
842 2094 973 2132 pugna
1006 2088 1113 2119 atrox
1144 2080 1364 2118 concitatur.
1419 2079 1502 2116 Iam
1534 2089 1615 2115 non

360 2147 562 2196 manipulis
588 2149 847 2197 proximarum
873 2148 1089 2193 stationum,
1110 2146 1176 2184 sed
1202 2145 1414 2194 legionibus
1438 2144 1614 2192 utrinque

359 2212 486 2250 effusis
506 2225 565 2251 res
590 2214 742 2263 geritur.
799 2213 984 2251 Camillus
1013 2212 1154 2250 laetum
1182 2211 1338 2248 militem
1366 2209 1523 2247 victoria
1550 2208 1614 2246 tri-

359 2278 463 2326 buni,
502 2278 643 2317 laetum
680 2286 758 2316 tam
796 2278 1060 2329 praesentibus
1096 2289 1141 2315 ac
1179 2275 1354 2315 secundis
1392 2275 1450 2314 dis
1486 2275 1538 2312 ire
1574 2273 1614 2310 in
