1637 2554
330 104 430 136 THE
459 104 608 136 FJRST
630 103 898 135 PLEBEJAN
924 102 1118 135 CONSUL.
1271 95 1350 146 169

98 213 150 259 Q.
172 211 326 250 Servilio
356 212 584 258 consulibus,
614 219 649 249 et
679 213 728 250 ab
758 212 941 250 seditione
971 218 1008 249 et
1037 224 1059 248 a
1084 210 1186 248 bello
1213 210 1348 259 quietis
1365 217 1448 246 nc.
1467 218 1557 246 365.

97 279 220 323 rebus,
241 290 288 315 ne
308 278 464 326 quando
484 290 506 314 a
525 284 628 315 metu
655 290 698 315 ac
728 278 905 327 periculis
925 283 1114 322 vacarent,
1135 275 1348 326 pestilentia

98 344 233 393 ingens
265 350 359 380 orta.
417 342 639 388 Censorem,
670 343 830 380 aedilem
863 342 1042 388 curulem,
1073 348 1147 379 tres
1176 342 1380 378 tribunosS

97 408 218 458 plebis
243 416 416 446 mortuos
442 408 578 454 ferunt,
597 421 667 458 pro
687 409 861 458 portione
881 415 918 445 et
945 420 992 445 ex
1018 407 1255 444 multitudine
1275 406 1348 443 alia

96 473 214 510 multa
251 473 382 510 funera
419 473 556 519 fuisse;
599 475 843 522 maximeque
883 486 969 511 earn
1006 472 1258 523 pestilentiam
1290 472 1346 508 in-

96 539 242 588 signem
262 551 365 576 mors
384 539 557 588 quamvis
577 545 738 584 matura,
752 546 881 576 tamen
898 539 1035 576 acerba
1055 537 1111 575 M.
1128 537 1228 574 Furii
1249 537 1345 574 fecit.

96 603 182 641 Fuit
208 605 310 641 enim
329 616 415 642 vere
434 605 489 641 w'r
514 605 651 641 unicus
674 605 712 640 in
733 604 840 641 omni
866 603 1027 649 fortuna,
1049 603 1226 653 princeps
1252 615 1346 652 pace
1361 607 1380 637 9

96 669 283 718 belloque,
310 669 529 719 priusquam
561 669 777 706 exsulatum
805 669 885 714 iret,
909 669 1045 706 clarior
1073 669 1112 705 in
1139 668 1270 705 exsilio
1290 668 1346 705 vel

95 735 282 772 desiderio
311 735 480 780 civitatis,
511 747 608 784 quae
638 742 750 783 capta
781 735 950 772 absentis
978 734 1191 783 imploravit
1221 745 1346 782 opem,

94 799 151 837 vcl
189 799 374 845 felicitate,
405 811 482 849 qua
520 800 710 837 restitutus
750 800 789 836 in
827 800 989 848 patriam
1022 811 1153 836 secum
1186 799 1347 848 patriam

94 865 219 914 ipsam
244 864 423 911 restituit;
453 877 524 914 par
551 864 689 902 deinde
713 877 780 914 per
810 865 980 913 quinque
1009 871 1045 901 et
1064 865 1196 914 viginti
1226 876 1348 901 annos
1363 867 1402 896 10

95 927 166 979 (tot
187 929 290 966 enirn
309 936 444 978 postea
464 929 572 981 vixit)
592 929 700 967 titulo
721 936 847 967 tantae
867 929 1010 978 gloriae
1031 929 1111 974 fuit,
1133 929 1347 978 dignusque

94 993 256 1040 habitus,
294 1007 411 1044 quem
449 995 659 1033 secundum
697 1008 719 1033 a
759 994 929 1033 Romulo
967 995 1207 1032 conditorem
1245 994 1348 1031 urbis

96 1059 297 1098 Romanae
318 1060 467 1098 ferrent.

95 1189 112 1224 §
133 1195 159 1217 1.
182 1187 214 1217 A
239 1187 474 1218 lectisternium
504 1188 532 1218 z's
554 1188 729 1219 celebrated
751 1192 782 1219 to
809 1192 942 1229 appcase
967 1187 1019 1219 tlte
1043 1188 1130 1229 gods,
1156 1188 1227 1218 ancl
1247 1192 1348 1227 stage·
1362 1188 1445 1216 B·C·
1463 1189 1553 1216 364-

173 1239 271 1279 plays
285 1249 342 1269 are
358 1239 550 1270 introduced
552 1239 647 1280 from
664 1240 824 1270 Etruria.
887 1243 903 1277 ξ
922 1239 950 1270 6.
972 1240 1056 1271 Once
1071 1239 1264 1270 introduced
1276 1239 1350 1278 tlzcy

179 1289 249 1320 had
267 1301 288 1320 a
308 1295 403 1334 grial
423 1301 522 1331 voguc
531 1301 545 1328 ‚·
568 1291 690 1322 Livius
713 1291 907 1322 introduced
919 1291 1000 1332 plot,
1017 1291 1089 1321 and
1107 1290 1277 1331 separated
1297 1291 1349 1321 tlte

179 1341 318 1381 singing
320 1341 415 1382 from
433 1342 486 1373 the
501 1343 620 1383 acting.
684 1346 699 1380 ξ
720 1351 769 1373 11.
786 1343 918 1374 Besides
932 1343 984 1373 tlte
1001 1353 1087 1373 more
1101 1343 1232 1373 artistic
1240 1342 1346 1382 plays,

175 1392 283 1432 sarcos
299 1392 446 1434 (exodia)
458 1404 552 1434 grew
567 1398 612 1434 up
635 1399 692 1425 out
706 1394 747 1435 of
760 1394 813 1425 tlte
835 1394 1114 1425 unconvcntional
1133 1394 1296 1424 raillcrz'cs
1317 1394 1358 1434 of

171 1454 291 1484 young·
313 1445 467 1481 Romans,
493 1445 564 1476 and
590 1456 673 1476 were
695 1445 871 1476 associated
894 1446 974 1476 with
1000 1445 1053 1476 tlte
1082 1446 1218 1476 Atellan
1241 1445 1346 1485 plays,

179 1495 285 1525 which
302 1496 427 1535 always
443 1497 595 1527 retained
605 1507 650 1526 an
666 1501 819 1527 amatcur
833 1496 1009 1527 character.

147 1570 196 1608 Et
216 1571 289 1610 hoc
309 1580 344 1610 et
364 1573 578 1622 insequenti
600 1586 714 1620 anno,
737 1573 779 1611 C.
797 1573 964 1622 Sulpicio
980 1573 1120 1619 Petico,
1139 1572 1183 1610 C.
1197 1572 1348 1611 Licinio
1363 1581 1380 1610 1
1408 1578 1478 1612 Ch.
1497 1578 1534 1613 2.

95 1635 253 1674 Stolone
291 1638 522 1685 consulibus,
562 1639 777 1688 pestilentia
820 1639 899 1676 fuit.
954 1639 1015 1676 Eo
1056 1638 1149 1675 nihil
1187 1638 1379 1687 dignum-2

92 1702 277 1740 memoria
296 1710 433 1749 actum,
456 1704 528 1740 nisi
548 1704 655 1754 quod
680 1705 784 1754 pacis
806 1705 920 1742 deum
941 1704 1211 1754 exposcendae
1231 1716 1348 1742 causa

92 1768 202 1805 tertio
239 1775 320 1806 tum
356 1776 442 1818 post
475 1770 669 1807 conditam
701 1771 835 1808 urbem
869 1770 1140 1808 lectisternium
1176 1769 1266 1815 fuit;
1310 1775 1378 1809 et3

93 1844 212 1882 quum
244 1833 298 1871 vis
333 1835 459 1872 morbi
492 1847 564 1873 nec
596 1835 774 1873 humanis
807 1836 973 1873 consiliis
1007 1848 1077 1872 nec
1112 1847 1186 1884 ope
1221 1835 1347 1872 divina

93 1899 287 1946 levaretur,
308 1900 414 1937 victis
442 1901 709 1950 superstitione
736 1901 874 1937 animis
902 1900 980 1937 ludi
1007 1912 1161 1949 quoque
1191 1901 1344 1947 scenici,

94 1975 194 2001 nova
222 1976 281 2001 res
309 1964 490 2002 bellicoso
518 1965 662 2015 populo
683 1965 791 2015 (nam
820 1965 909 2002 circi
938 1965 1057 2002 modo
1084 1965 1347 2013 spectaculum

93 2026 242 2081 fuerat),
258 2030 352 2067 inter
366 2030 442 2067 alia
461 2031 631 2068 caelestis
650 2031 727 2068 irae
746 2031 962 2080 placamina
981 2030 1139 2067 instituti
1157 2030 1345 2068 dicuntur.

95 2093 275 2132 Ceterum
301 2107 416 2144 parva
444 2108 608 2145 quoque,
639 2102 679 2132 ut
708 2096 825 2133 ferme
853 2096 1039 2145 principia
1068 2096 1209 2142 omnia,
1235 2104 1272 2134 et
1301 2100 1378 2135 ea4

94 2159 177 2207 ipsa
203 2160 401 2209 peregrina
427 2172 486 2198 res
514 2160 594 2198 fuit.
653 2160 742 2198 Sine
771 2161 940 2198 carmine
968 2161 1057 2207 ullo,
1083 2162 1165 2198 sine
1194 2162 1346 2200 imitan-

94 2223 232 2262 dorum
269 2225 480 2262 carminum
519 2232 606 2263 actu
644 2225 820 2264 ludiones
859 2238 907 2263 ex
941 2225 1094 2264 Etruria
1131 2227 1255 2274 acciti,
1296 2228 1346 2265 ad
