1736 2521
363 92 447 131 226
704 99 834 142 LIVY,
864 100 1001 131 BOOK
1029 100 1106 133 VH.
1128 104 1196 142 40,
1216 104 1284 142 41.

158 205 549 244 amam-dictatura
582 213 755 256 geretur;
797 218 922 255 neque
953 206 993 242 in
1025 206 1097 244 hos
1127 219 1236 245 meos
1263 213 1301 244 et
1333 208 1477 257 patriae
1509 220 1621 246 meae

363 271 501 308 milites
536 272 661 309 mitior
694 283 810 320 quam
845 272 883 307 in
913 283 981 309 vos
1015 271 1169 322 (horreo
1205 271 1347 323 dicere)
1381 273 1509 312 hostes
1541 285 1620 311 ero.

310 345 350 375 10
364 335 445 373 Vos
476 337 579 386 prius
612 337 651 373 in
681 349 743 374 me
779 337 1000 374 strinxeritis
1031 337 1171 375 ferrum
1203 350 1319 388 quam
1356 339 1394 375 in
1422 351 1491 377 vos
1523 351 1619 388 ego,

362 401 473 438 istinc
513 402 622 450 signa
655 409 805 448 canent,
841 402 948 440 istinc
988 402 1133 441 clamor
1169 404 1274 453 prius
1314 404 1468 453 incipiet
1505 412 1620 454 atque

308 474 349 503 11
364 466 538 516 impetuS‚
566 467 596 502 si
620 466 884 504 dimicandum
913 474 980 505 est.
1038 467 1211 506 Inducite
1241 469 1281 506 in
1310 469 1492 515 animum,
1516 469 1621 518 quod

363 544 443 569 non
482 531 713 569 induxerunt
751 541 878 582 patres
918 533 1053 583 avique
1091 534 1213 580 vestri,
1254 546 1334 571 non
1373 534 1436 580 illi,
1478 535 1541 584 qui
1580 535 1621 571 in

365 596 525 634 Sacrum
558 604 731 634 montem
763 605 1012 645 secesserunt,
1043 610 1124 636 non
1155 598 1204 645 hi,
1237 600 1302 649 qui
1330 607 1464 649 postea
1491 600 1620 636 Aven-

309 668 349 697 12
363 662 483 698 tinum
522 662 752 700 insederunt.
821 662 1064 713 Exspectate,
1103 664 1194 702 dum
1226 665 1334 702 vobis
1373 665 1540 714 singulis,
1579 672 1620 702 ut

364 727 455 764 olim
477 727 696 774 Coriolano,
713 735 853 766 matres
874 729 1135 779 coniugesque
1156 730 1324 767 crinibus
1343 731 1465 779 passis
1485 731 1621 768 obviae

363 793 412 829 ab
445 794 539 830 urbe
571 794 735 831 veniant.
793 794 899 831 Tum
932 794 1163 832 Volscorum
1197 795 1376 844 legiones,
1413 796 1501 845 quia
1540 795 1621 833 Ro-

361 869 523 894 manum
571 858 764 896 habebant
811 859 961 905 ducem,
1003 860 1251 908 quieverunt;
1300 872 1378 907 vos,
1420 860 1622 897 Romanus

309 929 350 959 13
363 923 560 969 exercitus,
596 935 644 960 ne
675 923 888 961 destiteritis
925 925 1044 974 impio
1074 925 1186 963 bello.
1245 925 1292 962 T.
1325 925 1493 971 Quincti,
1526 937 1621 974 quo-

363 1000 516 1037 cunque
554 989 636 1026 istic
675 989 762 1027 loco
803 1002 870 1027 seu
901 990 1033 1028 volens
1073 1003 1138 1028 seu
1170 991 1308 1028 invitus
1343 991 1554 1036 constitisti,
1590 991 1621 1027 si

360 1053 626 1091 dimicandum
645 1055 723 1100 erit,
746 1062 827 1091 turn
848 1063 888 1092 tu
908 1055 947 1092 in
967 1056 1195 1094 novissimos
1215 1063 1251 1093 te
1271 1056 1429 1106 recipito
1441 1069 1451 1103 ;
1481 1055 1622 1105 fugeris

361 1119 476 1156 etiam
496 1119 694 1157 honestius
724 1127 952 1170 tergumque
979 1121 1047 1158 ciw‘
1077 1122 1236 1168 dederis,
1259 1133 1375 1171 quam
1395 1121 1622 1171 pugnaveris

310 1194 349 1224 14
364 1191 498 1221 contra
510 1185 680 1233 patriam.
731 1184 846 1223 Nunc
865 1186 914 1223 ad
927 1186 1209 1235 pacificandum
1222 1187 1321 1224 bene
1335 1193 1448 1236 atque
1462 1186 1621 1224 honeste

358 1315 486 1353 fueris.
543 1315 736 1354 Postulate
764 1330 887 1367 aequa
917 1326 954 1355 et
984 1318 1098 1364 ferte;
1141 1330 1364 1368 quanquam
1393 1317 1452 1355 vel
1482 1317 1622 1367 iniquis

360 1381 541 1419 standum
575 1390 631 1419 est
666 1383 803 1432 potius,
835 1396 951 1433 quam
980 1385 1118 1434 impias
1148 1385 1243 1422 inter
1273 1396 1344 1422 nos
1374 1395 1622 1421 conseramus

309 1456 348 1486 15
362 1446 520 1484 manus.'
578 1447 625 1484 T.
648 1447 850 1494 Quinctius
877 1449 1013 1498 plenus
1040 1449 1282 1486 lacrimarum
1308 1448 1357 1486 ad
1384 1460 1474 1486 suos
1493 1459 1622 1486 versus

361 1513 454 1550 ‘Me
483 1513 658 1563 quoque'
686 1514 819 1563 inquit,
845 1515 1014 1555 ‘milites
1047 1515 1075 1552 si
1106 1516 1190 1565 quis
1218 1527 1310 1553 usus
1339 1515 1414 1552 mei
1443 1522 1510 1561 est,
1537 1526 1620 1551 me-

309 1585 350 1615 16
362 1579 496 1617 liorem
527 1579 632 1628 pacis
661 1591 777 1628 quam
807 1579 892 1616 belli
923 1579 1069 1618 habetis
1099 1581 1248 1618 ducem.
1307 1580 1398 1618 Non
1427 1580 1532 1617 enim
1558 1579 1623 1618 illa

360 1644 480 1684 modo
511 1644 678 1682 Volscus
716 1652 779 1681 aut
819 1644 982 1692 Samnis,
1024 1645 1090 1683 sed
1132 1645 1335 1683 Romanus
1368 1646 1483 1683 verba
1520 1645 1618 1691 fecit,

360 1717 486 1748 vester
520 1709 665 1757 consul,
700 1717 822 1748 vester
859 1711 1077 1760 imperator,
1118 1712 1265 1757 milites,
1307 1711 1414 1749 cuius
1453 1711 1622 1760 auspicia

311 1785 352 1818 17
364 1788 434 1825 pro
455 1776 563 1813 vobis
591 1776 735 1825 experti
760 1776 878 1814 nolite
905 1777 1083 1814 adversus
1105 1789 1174 1814 vos
1194 1777 1286 1814 velle
1314 1777 1484 1826 experiri.
1542 1775 1621 1823 Qui

362 1847 577 1891 pugnarent
614 1841 812 1878 vobiscum
859 1841 1040 1888 infestius,
1082 1849 1119 1880 et
1165 1842 1258 1879 alios
1305 1842 1421 1879 duces
1469 1848 1621 1879 senatus

361 1906 518 1949 habuit;
559 1906 624 1955 qui
655 1906 823 1943 maxime
854 1907 972 1953 vobis,
1006 1907 1081 1944 suis
1119 1907 1309 1953 militibus,
1346 1913 1528 1956 parceret,
1560 1906 1620 1944 cui

360 1971 567 2021 plurimum
596 1983 674 2016 vos,
706 1971 926 2020 imperatori
956 1979 1091 2018 vestro,
1122 1972 1335 2018 crederetis,
1372 1985 1462 2009 eum
1496 1971 1619 2020 elegit.

311 2046 350 2075 18
363 2036 503 2073 Pacem
527 2037 652 2082 etiam,
675 2037 740 2084 qui
761 2037 910 2074 vincere
937 2044 1109 2086 possunt,
1131 2037 1262 2074 volunt
1276 2051 1284 2083 ;
1315 2037 1407 2087 quid
1431 2049 1503 2074 nos
1525 2036 1620 2074 velle

310 2111 349 2140 19
363 2103 537 2151 oportet?
595 2101 701 2148 Quin
731 2103 881 2139 omissis
909 2102 964 2139 ira
991 2109 1026 2140 et
1057 2115 1133 2152 spe,
1160 2102 1358 2140 fallacibus
1387 2102 1616 2148 auctoribus,

361 2179 433 2204 nos
453 2167 557 2216 ipsos
576 2174 782 2217 nostraque
803 2168 933 2205 omnia
953 2168 1129 2218 cognitae
1156 2168 1408 2217 permittimus
1428 2167 1514 2204 fidei
1527 2168 1540 2204 ?
1553 2165 1563 2181 ⁹

359 1250 460 1288 inter
494 1251 641 1300 primos
671 1252 787 1288 stabis
818 1258 854 1289 et
884 1251 1063 1301 colloquii
1095 1252 1207 1289 huius
1236 1252 1408 1290 salutaris
1437 1252 1622 1301 interpres
1681 1273 1685 1275 -
