<?xml version="1.0" encoding="UTF-8"?>
<!DOCTYPE html PUBLIC "-//W3C//DTD XHTML 1.0 Transitional//EN"
    "http://www.w3.org/TR/xhtml1/DTD/xhtml1-transitional.dtd">
<html xmlns="http://www.w3.org/1999/xhtml" xml:lang="en" lang="en">
 <head>
  <title>
</title>
<meta http-equiv="Content-Type" content="text/html;charset=utf-8" />
  <meta name='ocr-system' content='tesseract 3.04.00' />
  <meta name='ocr-capabilities' content='ocr_page ocr_carea ocr_par ocr_line ocrx_word'/>
</head>
<body>
  <div class='ocr_page' id='page_1' title='image "./booksvvivii00livyuoft_0115.png"; bbox 0 0 1637 2554; ppageno 0'>
   <div class='ocr_carea' id='block_1_1' title="bbox 286 141 1335 185">
    <p class='ocr_par' dir='ltr' id='par_1_1' title="bbox 286 141 1335 185">
     <span class='ocr_line' id='line_1_1' title="bbox 286 141 1335 185; baseline -0.004 -10"><span class='ocrx_word' id='word_1_1' title='bbox 286 143 532 175; x_wconf 76' lang='lat' dir='ltr'><em>CAMILLUS</em></span> <span class='ocrx_word' id='word_1_2' title='bbox 559 142 845 174; x_wconf 86' lang='lat' dir='ltr'><em>APPOINTED</em></span> <span class='ocrx_word' id='word_1_3' title='bbox 875 141 1139 173; x_wconf 82' lang='lat' dir='ltr'><em>DICTATOR.</em></span> <span class='ocrx_word' id='word_1_4' title='bbox 1283 144 1335 185; x_wconf 77' lang='lat'>93</span> 
     </span>
    </p>
   </div>
   <div class='ocr_carea' id='block_1_2' title="bbox 82 246 1540 418">
    <p class='ocr_par' dir='ltr' id='par_1_2' title="bbox 82 246 1540 418">
     <span class='ocr_line' id='line_1_2' title="bbox 83 246 1540 296; baseline -0.003 -9"><span class='ocrx_word' id='word_1_5' title='bbox 83 250 130 288; x_wconf 87' lang='lat' dir='ltr'>ad</span> <span class='ocrx_word' id='word_1_6' title='bbox 157 249 267 286; x_wconf 80' lang='lat' dir='ltr'>aliam</span> <span class='ocrx_word' id='word_1_7' title='bbox 290 261 449 286; x_wconf 84' lang='lat' dir='ltr'>manum</span> <span class='ocrx_word' id='word_1_8' title='bbox 469 248 687 285; x_wconf 84' lang='lat' dir='ltr'>Tuscorum</span> <span class='ocrx_word' id='word_1_9' title='bbox 713 248 761 285; x_wconf 88' lang='lat' dir='ltr'>ad</span> <span class='ocrx_word' id='word_1_10' title='bbox 789 247 936 286; x_wconf 72' lang='lat' dir='ltr'>Salinas</span> <span class='ocrx_word' id='word_1_11' title='bbox 961 246 1128 296; x_wconf 81' lang='lat' dir='ltr'>profecti,</span> <span class='ocrx_word' id='word_1_12' title='bbox 1150 252 1259 283; x_wconf 83' lang='lat' dir='ltr'>nocte</span> <span class='ocrx_word' id='word_1_13' title='bbox 1282 246 1336 282; x_wconf 88' lang='lat' dir='ltr'>in·</span> <span class='ocrx_word' id='word_1_14' title='bbox 1351 258 1433 286; x_wconf 60' lang='lat' dir='ltr'>Ec.</span> <span class='ocrx_word' id='word_1_15' title='bbox 1451 259 1540 286; x_wconf 79' lang='lat'>390.</span> 
     </span>
     <span class='ocr_line' id='line_1_3' title="bbox 82 311 1336 364; baseline -0.004 -12"><span class='ocrx_word' id='word_1_16' title='bbox 82 322 265 364; x_wconf 72' lang='lat' dir='ltr'>sequente</span> <span class='ocrx_word' id='word_1_17' title='bbox 279 327 324 351; x_wconf 78' lang='lat' dir='ltr'>cx</span> <span class='ocrx_word' id='word_1_18' title='bbox 343 315 548 363; x_wconf 77' lang='lat' dir='ltr'>improviso</span> <span class='ocrx_word' id='word_1_19' title='bbox 562 314 746 351; x_wconf 76' lang='lat' dir='ltr'>maiorem</span> <span class='ocrx_word' id='word_1_20' title='bbox 763 313 922 351; x_wconf 85' lang='lat' dir='ltr'>caedem</span> <span class='ocrx_word' id='word_1_21' title='bbox 942 312 1103 356; x_wconf 84' lang='lat' dir='ltr'>edidere,</span> <span class='ocrx_word' id='word_1_22' title='bbox 1121 311 1336 360; x_wconf 80' lang='lat' dir='ltr'><strong>duplicique</strong></span> 
     </span>
     <span class='ocr_line' id='line_1_4' title="bbox 82 378 741 418; baseline 0 -2"><span class='ocrx_word' id='word_1_23' title='bbox 82 381 235 418; x_wconf 70' lang='lat' dir='ltr'>victoria</span> <span class='ocrx_word' id='word_1_24' title='bbox 255 386 412 417; x_wconf 78' lang='lat' dir='ltr'>ovantes</span> <span class='ocrx_word' id='word_1_25' title='bbox 432 378 552 416; x_wconf 69' lang='lat' dir='ltr'>Veios</span> <span class='ocrx_word' id='word_1_26' title='bbox 572 379 741 416; x_wconf 81' lang='lat' dir='ltr'>redeunt.</span> 
     </span>
    </p>
   </div>
   <div class='ocr_carea' id='block_1_3' title="bbox 75 484 1507 2321">
    <p class='ocr_par' dir='ltr' id='par_1_3' title="bbox 84 484 1507 736">
     <span class='ocr_line' id='line_1_5' title="bbox 84 484 1507 529; baseline -0.003 -7"><span class='ocrx_word' id='word_1_27' title='bbox 84 493 99 528; x_wconf 65' lang='grc' dir='ltr'>ξ</span> <span class='ocrx_word' id='word_1_28' title='bbox 121 500 147 522; x_wconf 82' lang='grc'>1.</span> <span class='ocrx_word' id='word_1_29' title='bbox 173 492 210 522; x_wconf 81' lang='lat' dir='ltr'>C.</span> <span class='ocrx_word' id='word_1_30' title='bbox 228 489 361 527; x_wconf 74' lang='lat' dir='ltr'>Fabius,</span> <span class='ocrx_word' id='word_1_31' title='bbox 379 494 410 519; x_wconf 81' lang='lat' dir='ltr'>lo</span> <span class='ocrx_word' id='word_1_32' title='bbox 425 488 476 519; x_wconf 78' lang='lat' dir='ltr'>the</span> <span class='ocrx_word' id='word_1_33' title='bbox 493 488 625 519; x_wconf 73' lang='lat' dir='ltr'>‘zc&#39;ondcr</span> <span class='ocrx_word' id='word_1_34' title='bbox 639 488 679 529; x_wconf 86' lang='lat' dir='ltr'>os</span> <span class='ocrx_word' id='word_1_35' title='bbox 685 488 741 527; x_wconf 86' lang='lat' dir='ltr'>all,</span> <span class='ocrx_word' id='word_1_36' title='bbox 760 489 862 519; x_wconf 71' lang='lat' dir='ltr'>walles</span> <span class='ocrx_word' id='word_1_37' title='bbox 877 488 1018 529; x_wconf 71' lang='lat' dir='ltr'>through</span> <span class='ocrx_word' id='word_1_38' title='bbox 1036 488 1088 519; x_wconf 76' lang='lat' dir='ltr'>the</span> <span class='ocrx_word' id='word_1_39' title='bbox 1102 487 1238 519; x_wconf 81' lang='lat' dir='ltr'>encmz&#39;es</span> <span class='ocrx_word' id='word_1_40' title='bbox 1254 488 1336 518; x_wconf 73' lang='lat' dir='ltr'>lines</span> <span class='ocrx_word' id='word_1_41' title='bbox 1351 485 1422 518; x_wconf 88' lang='lat' dir='ltr'>Ch.</span> <span class='ocrx_word' id='word_1_42' title='bbox 1441 484 1507 518; x_wconf 84' lang='lat'>46.</span> 
     </span>
     <span class='ocr_line' id='line_1_6' title="bbox 166 539 1334 583; baseline -0.004 -10"><span class='ocrx_word' id='word_1_43' title='bbox 166 547 197 573; x_wconf 84' lang='lat' dir='ltr'>to</span> <span class='ocrx_word' id='word_1_44' title='bbox 214 541 360 583; x_wconf 66' lang='lat' dir='ltr'>pctsorm</span> <span class='ocrx_word' id='word_1_45' title='bbox 384 540 437 570; x_wconf 78' lang='lat' dir='ltr'>tlte</span> <span class='ocrx_word' id='word_1_46' title='bbox 458 539 601 581; x_wconf 76' lang='lat' dir='ltr'>sacrlstce</span> <span class='ocrx_word' id='word_1_47' title='bbox 623 540 663 581; x_wconf 86' lang='lat' dir='ltr'>os</span> <span class='ocrx_word' id='word_1_48' title='bbox 673 540 724 570; x_wconf 71' lang='lat' dir='ltr'>tlte</span> <span class='ocrx_word' id='word_1_49' title='bbox 746 540 874 570; x_wconf 53' lang='lat' dir='ltr'>lsaln&#39;cm</span> <span class='ocrx_word' id='word_1_50' title='bbox 897 540 1007 570; x_wconf 71' lang='lat' dir='ltr'><em>Housc</em></span> <span class='ocrx_word' id='word_1_51' title='bbox 1025 550 1065 570; x_wconf 79' lang='lat' dir='ltr'>on</span> <span class='ocrx_word' id='word_1_52' title='bbox 1087 539 1139 569; x_wconf 78' lang='lat' dir='ltr'>tlte</span> <span class='ocrx_word' id='word_1_53' title='bbox 1163 539 1334 577; x_wconf 73' lang='lat' dir='ltr'>Quirinal.</span> 
     </span>
     <span class='ocr_line' id='line_1_7' title="bbox 170 590 1335 633; baseline -0.003 -10"><span class='ocrx_word' id='word_1_54' title='bbox 170 597 186 631; x_wconf 63' lang='grc' dir='ltr'>ᾗ</span> <span class='ocrx_word' id='word_1_55' title='bbox 204 603 232 633; x_wconf 89' lang='lat'>4.</span> <span class='ocrx_word' id='word_1_56' title='bbox 258 591 463 622; x_wconf 69' lang='lat' dir='ltr'>Alcanwltilc</span> <span class='ocrx_word' id='word_1_57' title='bbox 479 591 627 621; x_wconf 80' lang='lat' dir='ltr'>Romans</span> <span class='ocrx_word' id='word_1_58' title='bbox 641 591 713 622; x_wconf 78' lang='lat' dir='ltr'>aml</span> <span class='ocrx_word' id='word_1_59' title='bbox 726 592 847 622; x_wconf 74' lang='lat' dir='ltr'>Latius</span> <span class='ocrx_word' id='word_1_60' title='bbox 862 592 1011 622; x_wconf 70' lang='lat' dir='ltr'>asscmhlc</span> <span class='ocrx_word' id='word_1_61' title='bbox 1027 591 1062 621; x_wconf 80' lang='lat' dir='ltr'>in</span> <span class='ocrx_word' id='word_1_62' title='bbox 1081 591 1168 630; x_wconf 68' lang='lat' dir='ltr'>large</span> <span class='ocrx_word' id='word_1_63' title='bbox 1184 590 1335 620; x_wconf 69' lang='lat' dir='ltr'>numbers</span> 
     </span>
     <span class='ocr_line' id='line_1_8' title="bbox 166 642 1336 684; baseline -0.003 -9"><span class='ocrx_word' id='word_1_64' title='bbox 166 649 202 676; x_wconf 72' lang='lat' dir='ltr'>a!</span> <span class='ocrx_word' id='word_1_65' title='bbox 223 644 304 675; x_wconf 56' lang='lat' dir='ltr'>mvii.</span> <span class='ocrx_word' id='word_1_66' title='bbox 374 646 389 680; x_wconf 69' lang='grc' dir='ltr'><strong>ξ</strong></span> <span class='ocrx_word' id='word_1_67' title='bbox 416 649 442 682; x_wconf 87' lang='lat'>7.</span> <span class='ocrx_word' id='word_1_68' title='bbox 475 643 563 673; x_wconf 69' lang='lat' dir='ltr'>With</span> <span class='ocrx_word' id='word_1_69' title='bbox 591 643 644 673; x_wconf 75' lang='lat' dir='ltr'>tlte</span> <span class='ocrx_word' id='word_1_70' title='bbox 670 648 798 673; x_wconf 79' lang='lat' dir='ltr'>consent</span> <span class='ocrx_word' id='word_1_71' title='bbox 823 643 863 684; x_wconf 73' lang='lat' dir='ltr'>os</span> <span class='ocrx_word' id='word_1_72' title='bbox 881 643 932 673; x_wconf 78' lang='lat' dir='ltr'>the</span> <span class='ocrx_word' id='word_1_73' title='bbox 958 644 1083 679; x_wconf 74' lang='lat' dir='ltr'>Scnalc,</span> <span class='ocrx_word' id='word_1_74' title='bbox 1118 642 1281 673; x_wconf 80' lang='lat' dir='ltr'><em>Camillus</em></span> <span class='ocrx_word' id='word_1_75' title='bbox 1308 643 1336 672; x_wconf 81' lang='lat' dir='ltr'>is</span> 
     </span>
     <span class='ocr_line' id='line_1_9' title="bbox 167 694 977 736; baseline -0.002 -10"><span class='ocrx_word' id='word_1_76' title='bbox 167 695 358 726; x_wconf 74' lang='lat' dir='ltr'>summoned</span> <span class='ocrx_word' id='word_1_77' title='bbox 360 694 456 736; x_wconf 80' lang='lat' dir='ltr'>from</span> <span class='ocrx_word' id='word_1_78' title='bbox 473 695 503 725; x_wconf 84' lang='lat' dir='ltr'><em>A</em></span> <span class='ocrx_word' id='word_1_79' title='bbox 508 694 585 725; x_wconf 74' lang='lat' dir='ltr'>rclca</span> <span class='ocrx_word' id='word_1_80' title='bbox 600 695 670 724; x_wconf 77' lang='lat' dir='ltr'>ancl</span> <span class='ocrx_word' id='word_1_81' title='bbox 683 695 804 725; x_wconf 73' lang='lat' dir='ltr'>named</span> <span class='ocrx_word' id='word_1_82' title='bbox 816 695 977 725; x_wconf 73' lang='lat' dir='ltr'><em>Dictator.</em></span> 
     </span>
    </p>

    <p class='ocr_par' dir='ltr' id='par_1_4' title="bbox 75 769 1362 2321">
     <span class='ocr_line' id='line_1_10' title="bbox 136 769 1361 820; baseline -0.001 -13"><span class='ocrx_word' id='word_1_83' title='bbox 136 771 284 820; x_wconf 77' lang='lat' dir='ltr'>Romae</span> <span class='ocrx_word' id='word_1_84' title='bbox 322 770 471 806; x_wconf 81' lang='lat' dir='ltr'>interim</span> <span class='ocrx_word' id='word_1_85' title='bbox 513 769 738 818; x_wconf 89' lang='lat' dir='ltr'>plerumque</span> <span class='ocrx_word' id='word_1_86' title='bbox 783 769 932 807; x_wconf 91' lang='lat' dir='ltr'>obsidio</span> <span class='ocrx_word' id='word_1_87' title='bbox 976 770 1101 818; x_wconf 79' lang='lat' dir='ltr'>segnis</span> <span class='ocrx_word' id='word_1_88' title='bbox 1143 777 1179 807; x_wconf 89' lang='lat' dir='ltr'>et</span> <span class='ocrx_word' id='word_1_89' title='bbox 1216 769 1361 806; x_wconf 78' lang='lat' dir='ltr'>utrm-l</span> 
     </span>
     <span class='ocr_line' id='line_1_11' title="bbox 79 824 1333 886; baseline -0.003 -12"><span class='ocrx_word' id='word_1_90' title='bbox 79 849 154 886; x_wconf 92' lang='lat' dir='ltr'>que</span> <span class='ocrx_word' id='word_1_91' title='bbox 185 824 375 874; x_wconf 70' lang='lat' dir='ltr'>silentium</span> <span class='ocrx_word' id='word_1_92' title='bbox 404 847 499 880; x_wconf 88' lang='lat' dir='ltr'>esse,</span> <span class='ocrx_word' id='word_1_93' title='bbox 526 835 575 871; x_wconf 89' lang='lat' dir='ltr'>ad</span> <span class='ocrx_word' id='word_1_94' title='bbox 604 835 642 871; x_wconf 90' lang='lat' dir='ltr'>id</span> <span class='ocrx_word' id='word_1_95' title='bbox 673 842 820 872; x_wconf 90' lang='lat' dir='ltr'>tantum</span> <span class='ocrx_word' id='word_1_96' title='bbox 850 835 1001 872; x_wconf 86' lang='lat' dir='ltr'>intentis</span> <span class='ocrx_word' id='word_1_97' title='bbox 1029 834 1160 880; x_wconf 85' lang='lat' dir='ltr'>Gallis,</span> <span class='ocrx_word' id='word_1_98' title='bbox 1182 847 1230 872; x_wconf 92' lang='lat' dir='ltr'>ne</span> <span class='ocrx_word' id='word_1_99' title='bbox 1250 834 1333 884; x_wconf 89' lang='lat' dir='ltr'>quis</span> 
     </span>
     <span class='ocr_line' id='line_1_12' title="bbox 80 900 1333 951; baseline -0.002 -12"><span class='ocrx_word' id='word_1_100' title='bbox 80 902 246 939; x_wconf 84' lang='lat' dir='ltr'>hostium</span> <span class='ocrx_word' id='word_1_101' title='bbox 285 900 444 938; x_wconf 82' lang='lat' dir='ltr'>evadere</span> <span class='ocrx_word' id='word_1_102' title='bbox 483 900 580 937; x_wconf 87' lang='lat' dir='ltr'>inter</span> <span class='ocrx_word' id='word_1_103' title='bbox 619 901 801 938; x_wconf 85' lang='lat' dir='ltr'>stationes</span> <span class='ocrx_word' id='word_1_104' title='bbox 844 908 984 951; x_wconf 87' lang='lat' dir='ltr'>posset,</span> <span class='ocrx_word' id='word_1_105' title='bbox 1025 914 1145 950; x_wconf 89' lang='lat' dir='ltr'>quum</span> <span class='ocrx_word' id='word_1_106' title='bbox 1179 907 1333 950; x_wconf 89' lang='lat' dir='ltr'>repente</span> 
     </span>
     <span class='ocr_line' id='line_1_13' title="bbox 81 965 1331 1015; baseline -0.001 -13"><span class='ocrx_word' id='word_1_107' title='bbox 81 966 225 1004; x_wconf 86' lang='lat' dir='ltr'>iuvenis</span> <span class='ocrx_word' id='word_1_108' title='bbox 247 965 447 1003; x_wconf 88' lang='lat' dir='ltr'>Romanus</span> <span class='ocrx_word' id='word_1_109' title='bbox 475 965 725 1003; x_wconf 82' lang='lat' dir='ltr'>admiratione</span> <span class='ocrx_word' id='word_1_110' title='bbox 753 966 791 1002; x_wconf 89' lang='lat' dir='ltr'>in</span> <span class='ocrx_word' id='word_1_111' title='bbox 821 978 862 1003; x_wconf 88' lang='lat' dir='ltr'>se</span> <span class='ocrx_word' id='word_1_112' title='bbox 890 967 989 1003; x_wconf 79' lang='lat' dir='ltr'>cives</span> <span class='ocrx_word' id='word_1_113' title='bbox 1013 966 1216 1015; x_wconf 79' lang='lat' dir='ltr'>hostesque</span> <span class='ocrx_word' id='word_1_114' title='bbox 1241 977 1331 1002; x_wconf 89' lang='lat' dir='ltr'>con—</span> 
     </span>
     <span class='ocr_line' id='line_1_14' title="bbox 79 1031 1361 1081; baseline 0 -13"><span class='ocrx_word' id='word_1_115' title='bbox 79 1033 200 1069; x_wconf 71' lang='lat' dir='ltr'>vertit.</span> <span class='ocrx_word' id='word_1_116' title='bbox 258 1031 496 1069; x_wconf 87' lang='lat' dir='ltr'>Sacrificium</span> <span class='ocrx_word' id='word_1_117' title='bbox 526 1040 605 1069; x_wconf 84' lang='lat' dir='ltr'>erat</span> <span class='ocrx_word' id='word_1_118' title='bbox 640 1039 779 1069; x_wconf 82' lang='lat' dir='ltr'>statum</span> <span class='ocrx_word' id='word_1_119' title='bbox 813 1031 851 1068; x_wconf 90' lang='lat' dir='ltr'>in</span> <span class='ocrx_word' id='word_1_120' title='bbox 882 1031 1069 1078; x_wconf 80' lang='lat' dir='ltr'>Quirinali</span> <span class='ocrx_word' id='word_1_121' title='bbox 1101 1032 1197 1069; x_wconf 89' lang='lat' dir='ltr'>colle</span> <span class='ocrx_word' id='word_1_122' title='bbox 1228 1031 1361 1081; x_wconf 76' lang='lat' dir='ltr'>genti2</span> 
     </span>
     <span class='ocr_line' id='line_1_15' title="bbox 79 1095 1330 1142; baseline -0.001 -8"><span class='ocrx_word' id='word_1_123' title='bbox 79 1097 233 1134; x_wconf 81' lang='lat' dir='ltr'>Fabiae.</span> <span class='ocrx_word' id='word_1_124' title='bbox 299 1097 361 1134; x_wconf 91' lang='lat' dir='ltr'>Ad</span> <span class='ocrx_word' id='word_1_125' title='bbox 395 1097 432 1134; x_wconf 89' lang='lat' dir='ltr'>id</span> <span class='ocrx_word' id='word_1_126' title='bbox 464 1097 681 1135; x_wconf 82' lang='lat' dir='ltr'>faciendum</span> <span class='ocrx_word' id='word_1_127' title='bbox 721 1098 764 1135; x_wconf 88' lang='lat' dir='ltr'>C.</span> <span class='ocrx_word' id='word_1_128' title='bbox 797 1096 939 1134; x_wconf 81' lang='lat' dir='ltr'>Fabius</span> <span class='ocrx_word' id='word_1_129' title='bbox 975 1097 1141 1142; x_wconf 82' lang='lat' dir='ltr'>Dorsuo,</span> <span class='ocrx_word' id='word_1_130' title='bbox 1177 1095 1330 1133; x_wconf 87' lang='lat' dir='ltr'>Gabino</span> 
     </span>
     <span class='ocr_line' id='line_1_16' title="bbox 80 1164 1332 1214; baseline 0 -13"><span class='ocrx_word' id='word_1_131' title='bbox 80 1165 220 1211; x_wconf 84' lang='lat' dir='ltr'>cinctu,</span> <span class='ocrx_word' id='word_1_132' title='bbox 241 1176 350 1202; x_wconf 85' lang='lat' dir='ltr'>sacra</span> <span class='ocrx_word' id='word_1_133' title='bbox 376 1165 554 1202; x_wconf 85' lang='lat' dir='ltr'>manibus</span> <span class='ocrx_word' id='word_1_134' title='bbox 580 1177 727 1213; x_wconf 85' lang='lat' dir='ltr'>gerens,</span> <span class='ocrx_word' id='word_1_135' title='bbox 748 1177 868 1214; x_wconf 89' lang='lat' dir='ltr'>quum</span> <span class='ocrx_word' id='word_1_136' title='bbox 895 1164 942 1201; x_wconf 90' lang='lat' dir='ltr'>de</span> <span class='ocrx_word' id='word_1_137' title='bbox 964 1164 1154 1213; x_wconf 86' lang='lat' dir='ltr'>Capitolio</span> <span class='ocrx_word' id='word_1_138' title='bbox 1175 1164 1332 1201; x_wconf 88' lang='lat' dir='ltr'>descen-</span> 
     </span>
     <span class='ocr_line' id='line_1_17' title="bbox 80 1228 1333 1279; baseline -0.002 -12"><span class='ocrx_word' id='word_1_139' title='bbox 80 1230 207 1275; x_wconf 82' lang='lat' dir='ltr'>disset,</span> <span class='ocrx_word' id='word_1_140' title='bbox 239 1243 309 1279; x_wconf 89' lang='lat' dir='ltr'>per</span> <span class='ocrx_word' id='word_1_141' title='bbox 342 1230 488 1268; x_wconf 86' lang='lat' dir='ltr'>medias</span> <span class='ocrx_word' id='word_1_142' title='bbox 522 1230 689 1268; x_wconf 90' lang='lat' dir='ltr'>hostium</span> <span class='ocrx_word' id='word_1_143' title='bbox 725 1230 905 1267; x_wconf 89' lang='lat' dir='ltr'>stationes</span> <span class='ocrx_word' id='word_1_144' title='bbox 940 1241 1124 1278; x_wconf 88' lang='lat' dir='ltr'>egressus,</span> <span class='ocrx_word' id='word_1_145' title='bbox 1158 1228 1250 1266; x_wconf 92' lang='lat' dir='ltr'>nihil</span> <span class='ocrx_word' id='word_1_146' title='bbox 1284 1229 1333 1266; x_wconf 92' lang='lat' dir='ltr'>ad</span> 
     </span>
     <span class='ocr_line' id='line_1_18' title="bbox 79 1294 1330 1345; baseline -0.001 -13"><span class='ocrx_word' id='word_1_147' title='bbox 79 1308 214 1333; x_wconf 78' lang='lat' dir='ltr'>vocem</span> <span class='ocrx_word' id='word_1_148' title='bbox 230 1296 454 1345; x_wconf 84' lang='lat' dir='ltr'>cuiusquam</span> <span class='ocrx_word' id='word_1_149' title='bbox 475 1303 705 1333; x_wconf 85' lang='lat' dir='ltr'>terroremve</span> <span class='ocrx_word' id='word_1_150' title='bbox 726 1301 863 1341; x_wconf 89' lang='lat' dir='ltr'>motus,</span> <span class='ocrx_word' id='word_1_151' title='bbox 880 1295 917 1331; x_wconf 89' lang='lat' dir='ltr'>in</span> <span class='ocrx_word' id='word_1_152' title='bbox 933 1294 1174 1340; x_wconf 81' lang='lat' dir='ltr'>Quirinalem</span> <span class='ocrx_word' id='word_1_153' title='bbox 1194 1294 1330 1332; x_wconf 91' lang='lat' dir='ltr'>collem</span> 
     </span>
     <span class='ocr_line' id='line_1_19' title="bbox 78 1360 1362 1410; baseline -0.001 -14"><span class='ocrx_word' id='word_1_154' title='bbox 78 1360 246 1409; x_wconf 85' lang='lat' dir='ltr'>pervenit</span> <span class='ocrx_word' id='word_1_155' title='bbox 260 1373 269 1407; x_wconf 87' lang='lat'>;</span> <span class='ocrx_word' id='word_1_156' title='bbox 318 1361 445 1410; x_wconf 85' lang='lat' dir='ltr'>ibique</span> <span class='ocrx_word' id='word_1_157' title='bbox 492 1362 670 1398; x_wconf 88' lang='lat' dir='ltr'>omnibus</span> <span class='ocrx_word' id='word_1_158' title='bbox 718 1360 948 1398; x_wconf 85' lang='lat' dir='ltr'>sollemniter</span> <span class='ocrx_word' id='word_1_159' title='bbox 984 1360 1156 1408; x_wconf 81' lang='lat' dir='ltr'>peractis,</span> <span class='ocrx_word' id='word_1_160' title='bbox 1192 1361 1362 1398; x_wconf 84' lang='lat' dir='ltr'>eadem3</span> 
     </span>
     <span class='ocr_line' id='line_1_20' title="bbox 79 1425 1329 1475; baseline 0.002 -14"><span class='ocrx_word' id='word_1_161' title='bbox 79 1432 268 1463; x_wconf 84' lang='lat' dir='ltr'>revertens</span> <span class='ocrx_word' id='word_1_162' title='bbox 296 1426 463 1463; x_wconf 87' lang='lat' dir='ltr'>similiter</span> <span class='ocrx_word' id='word_1_163' title='bbox 489 1427 678 1464; x_wconf 79' lang='lat' dir='ltr'>constanti</span> <span class='ocrx_word' id='word_1_164' title='bbox 698 1426 800 1462; x_wconf 71' lang='lat' dir='ltr'>wiltu</span> <span class='ocrx_word' id='word_1_165' title='bbox 827 1425 1033 1474; x_wconf 87' lang='lat' dir='ltr'>graduque,</span> <span class='ocrx_word' id='word_1_166' title='bbox 1056 1425 1144 1462; x_wconf 85' lang='lat' dir='ltr'>satis</span> <span class='ocrx_word' id='word_1_167' title='bbox 1171 1437 1329 1475; x_wconf 87' lang='lat' dir='ltr'>sperans</span> 
     </span>
     <span class='ocr_line' id='line_1_21' title="bbox 77 1491 1330 1541; baseline 0.002 -14"><span class='ocrx_word' id='word_1_168' title='bbox 77 1491 260 1539; x_wconf 89' lang='lat' dir='ltr'>propitios</span> <span class='ocrx_word' id='word_1_169' title='bbox 297 1503 379 1528; x_wconf 85' lang='lat' dir='ltr'>esse</span> <span class='ocrx_word' id='word_1_170' title='bbox 418 1491 523 1537; x_wconf 87' lang='lat' dir='ltr'>deos,</span> <span class='ocrx_word' id='word_1_171' title='bbox 556 1503 719 1541; x_wconf 89' lang='lat' dir='ltr'>quorum</span> <span class='ocrx_word' id='word_1_172' title='bbox 753 1491 896 1528; x_wconf 87' lang='lat' dir='ltr'>cultum</span> <span class='ocrx_word' id='word_1_173' title='bbox 931 1503 979 1528; x_wconf 88' lang='lat' dir='ltr'>ne</span> <span class='ocrx_word' id='word_1_174' title='bbox 1013 1491 1147 1528; x_wconf 89' lang='lat' dir='ltr'>mortis</span> <span class='ocrx_word' id='word_1_175' title='bbox 1176 1492 1330 1541; x_wconf 89' lang='lat' dir='ltr'>quidem</span> 
     </span>
     <span class='ocr_line' id='line_1_22' title="bbox 78 1555 1327 1606; baseline 0.002 -15"><span class='ocrx_word' id='word_1_176' title='bbox 78 1564 181 1593; x_wconf 86' lang='lat' dir='ltr'>metu</span> <span class='ocrx_word' id='word_1_177' title='bbox 211 1555 425 1605; x_wconf 80' lang='lat' dir='ltr'>prohibitus</span> <span class='ocrx_word' id='word_1_178' title='bbox 454 1556 688 1602; x_wconf 80' lang='lat' dir='ltr'>deseruisset,</span> <span class='ocrx_word' id='word_1_179' title='bbox 711 1557 747 1593; x_wconf 90' lang='lat' dir='ltr'>in</span> <span class='ocrx_word' id='word_1_180' title='bbox 769 1557 1003 1606; x_wconf 82' lang='lat' dir='ltr'>Capitolium</span> <span class='ocrx_word' id='word_1_181' title='bbox 1023 1557 1072 1594; x_wconf 91' lang='lat' dir='ltr'>ad</span> <span class='ocrx_word' id='word_1_182' title='bbox 1093 1569 1181 1594; x_wconf 86' lang='lat' dir='ltr'>suos</span> <span class='ocrx_word' id='word_1_183' title='bbox 1207 1557 1327 1604; x_wconf 91' lang='lat' dir='ltr'>rediit,</span> 
     </span>
     <span class='ocr_line' id='line_1_23' title="bbox 78 1621 1328 1671; baseline 0.002 -14"><span class='ocrx_word' id='word_1_184' title='bbox 78 1632 146 1658; x_wconf 89' lang='lat' dir='ltr'>seu</span> <span class='ocrx_word' id='word_1_185' title='bbox 166 1621 332 1658; x_wconf 86' lang='lat' dir='ltr'>attonitis</span> <span class='ocrx_word' id='word_1_186' title='bbox 353 1621 474 1659; x_wconf 86' lang='lat' dir='ltr'>Gallis</span> <span class='ocrx_word' id='word_1_187' title='bbox 494 1623 678 1660; x_wconf 88' lang='lat' dir='ltr'>miraculo</span> <span class='ocrx_word' id='word_1_188' title='bbox 704 1623 885 1660; x_wconf 83' lang='lat' dir='ltr'>audaciae</span> <span class='ocrx_word' id='word_1_189' title='bbox 913 1635 979 1660; x_wconf 89' lang='lat' dir='ltr'>seu</span> <span class='ocrx_word' id='word_1_190' title='bbox 1005 1622 1186 1671; x_wconf 82' lang='lat' dir='ltr'>religione</span> <span class='ocrx_word' id='word_1_191' title='bbox 1213 1623 1328 1660; x_wconf 88' lang='lat' dir='ltr'>etiam</span> 
     </span>
     <span class='ocr_line' id='line_1_24' title="bbox 77 1686 1360 1738; baseline 0.003 -16"><span class='ocrx_word' id='word_1_192' title='bbox 77 1686 201 1730; x_wconf 91' lang='lat' dir='ltr'>motis,</span> <span class='ocrx_word' id='word_1_193' title='bbox 236 1687 344 1724; x_wconf 90' lang='lat' dir='ltr'>cuius</span> <span class='ocrx_word' id='word_1_194' title='bbox 389 1687 686 1737; x_wconf 82' lang='lat' dir='ltr'>haudquaquam</span> <span class='ocrx_word' id='word_1_195' title='bbox 725 1689 925 1738; x_wconf 84' lang='lat' dir='ltr'>negligens</span> <span class='ocrx_word' id='word_1_196' title='bbox 965 1701 1060 1737; x_wconf 84' lang='lat' dir='ltr'>gens</span> <span class='ocrx_word' id='word_1_197' title='bbox 1098 1695 1165 1726; x_wconf 89' lang='lat' dir='ltr'>est.</span> <span class='ocrx_word' id='word_1_198' title='bbox 1221 1687 1360 1726; x_wconf 82' lang='lat' dir='ltr'>Veiis4</span> 
     </span>
     <span class='ocr_line' id='line_1_25' title="bbox 75 1748 1328 1798; baseline 0.004 -14"><span class='ocrx_word' id='word_1_199' title='bbox 75 1748 225 1785; x_wconf 88' lang='lat' dir='ltr'>interim</span> <span class='ocrx_word' id='word_1_200' title='bbox 249 1761 327 1787; x_wconf 92' lang='lat' dir='ltr'>non</span> <span class='ocrx_word' id='word_1_201' title='bbox 354 1750 471 1786; x_wconf 89' lang='lat' dir='ltr'>animi</span> <span class='ocrx_word' id='word_1_202' title='bbox 496 1757 643 1787; x_wconf 84' lang='lat' dir='ltr'>tantum</span> <span class='ocrx_word' id='word_1_203' title='bbox 667 1752 705 1787; x_wconf 91' lang='lat' dir='ltr'>in</span> <span class='ocrx_word' id='word_1_204' title='bbox 731 1752 821 1798; x_wconf 88' lang='lat' dir='ltr'>dies,</span> <span class='ocrx_word' id='word_1_205' title='bbox 845 1751 911 1788; x_wconf 88' lang='lat' dir='ltr'>sed</span> <span class='ocrx_word' id='word_1_206' title='bbox 931 1752 1045 1789; x_wconf 88' lang='lat' dir='ltr'>etiam</span> <span class='ocrx_word' id='word_1_207' title='bbox 1066 1752 1162 1788; x_wconf 90' lang='lat' dir='ltr'>vires</span> <span class='ocrx_word' id='word_1_208' title='bbox 1183 1764 1328 1789; x_wconf 84' lang='lat' dir='ltr'>cresce-</span> 
     </span>
     <span class='ocr_line' id='line_1_26' title="bbox 75 1813 1328 1866; baseline 0.003 -16"><span class='ocrx_word' id='word_1_209' title='bbox 75 1814 178 1851; x_wconf 85' lang='lat' dir='ltr'>bant.</span> <span class='ocrx_word' id='word_1_210' title='bbox 235 1813 318 1852; x_wconf 88' lang='lat' dir='ltr'>Nec</span> <span class='ocrx_word' id='word_1_211' title='bbox 343 1814 532 1853; x_wconf 90' lang='lat' dir='ltr'>Romanis</span> <span class='ocrx_word' id='word_1_212' title='bbox 563 1816 687 1853; x_wconf 90' lang='lat' dir='ltr'>solum</span> <span class='ocrx_word' id='word_1_213' title='bbox 717 1829 764 1854; x_wconf 87' lang='lat' dir='ltr'>eo</span> <span class='ocrx_word' id='word_1_214' title='bbox 795 1817 1109 1854; x_wconf 82' lang='lat' dir='ltr'>convenientibus</span> <span class='ocrx_word' id='word_1_215' title='bbox 1139 1829 1186 1854; x_wconf 88' lang='lat' dir='ltr'>ex</span> <span class='ocrx_word' id='word_1_216' title='bbox 1215 1818 1328 1866; x_wconf 86' lang='lat' dir='ltr'>agris,</span> 
     </span>
     <span class='ocr_line' id='line_1_27' title="bbox 76 1879 1330 1931; baseline 0.003 -16"><span class='ocrx_word' id='word_1_217' title='bbox 76 1879 140 1927; x_wconf 90' lang='lat' dir='ltr'>qui</span> <span class='ocrx_word' id='word_1_218' title='bbox 180 1885 244 1916; x_wconf 83' lang='lat' dir='ltr'>aut</span> <span class='ocrx_word' id='word_1_219' title='bbox 281 1881 429 1929; x_wconf 88' lang='lat' dir='ltr'>proelio</span> <span class='ocrx_word' id='word_1_220' title='bbox 464 1881 622 1918; x_wconf 84' lang='lat' dir='ltr'>adverso</span> <span class='ocrx_word' id='word_1_221' title='bbox 661 1889 725 1919; x_wconf 86' lang='lat' dir='ltr'>aut</span> <span class='ocrx_word' id='word_1_222' title='bbox 758 1882 866 1920; x_wconf 85' lang='lat' dir='ltr'>clade</span> <span class='ocrx_word' id='word_1_223' title='bbox 909 1890 1043 1931; x_wconf 83' lang='lat' dir='ltr'>captae</span> <span class='ocrx_word' id='word_1_224' title='bbox 1078 1883 1181 1920; x_wconf 87' lang='lat' dir='ltr'>urbis</span> <span class='ocrx_word' id='word_1_225' title='bbox 1215 1883 1330 1931; x_wconf 84' lang='lat' dir='ltr'>palati</span> 
     </span>
     <span class='ocr_line' id='line_1_28' title="bbox 76 1942 1328 1993; baseline 0.005 -14"><span class='ocrx_word' id='word_1_226' title='bbox 76 1942 235 1991; x_wconf 83' lang='lat' dir='ltr'>fuerant,</span> <span class='ocrx_word' id='word_1_227' title='bbox 259 1946 326 1982; x_wconf 88' lang='lat' dir='ltr'>sed</span> <span class='ocrx_word' id='word_1_228' title='bbox 355 1947 469 1983; x_wconf 87' lang='lat' dir='ltr'>etiarn</span> <span class='ocrx_word' id='word_1_229' title='bbox 498 1959 545 1983; x_wconf 86' lang='lat' dir='ltr'>ex</span> <span class='ocrx_word' id='word_1_230' title='bbox 576 1946 688 1984; x_wconf 87' lang='lat' dir='ltr'>Latio</span> <span class='ocrx_word' id='word_1_231' title='bbox 718 1948 939 1985; x_wconf 74' lang='lat' dir='ltr'>voluntariis</span> <span class='ocrx_word' id='word_1_232' title='bbox 969 1946 1262 1993; x_wconf 85' lang='lat' dir='ltr'>confluentibus,</span> <span class='ocrx_word' id='word_1_233' title='bbox 1289 1956 1328 1985; x_wconf 86' lang='lat' dir='ltr'>ut</span> 
     </span>
     <span class='ocr_line' id='line_1_29' title="bbox 75 2009 1359 2061; baseline 0.005 -17"><span class='ocrx_word' id='word_1_234' title='bbox 75 2009 114 2044; x_wconf 88' lang='lat' dir='ltr'>in</span> <span class='ocrx_word' id='word_1_235' title='bbox 146 2016 252 2057; x_wconf 88' lang='lat' dir='ltr'>parte</span> <span class='ocrx_word' id='word_1_236' title='bbox 281 2010 444 2058; x_wconf 84' lang='lat' dir='ltr'>praedae</span> <span class='ocrx_word' id='word_1_237' title='bbox 473 2018 609 2056; x_wconf 84' lang='lat' dir='ltr'>essent,</span> <span class='ocrx_word' id='word_1_238' title='bbox 640 2018 832 2048; x_wconf 84' lang='lat' dir='ltr'>maturum</span> <span class='ocrx_word' id='word_1_239' title='bbox 862 2013 938 2049; x_wconf 87' lang='lat' dir='ltr'>iam</span> <span class='ocrx_word' id='word_1_240' title='bbox 969 2012 1177 2058; x_wconf 76' lang='lat' dir='ltr'>videbatur,</span> <span class='ocrx_word' id='word_1_241' title='bbox 1212 2013 1359 2061; x_wconf 87' lang='lat' dir='ltr'>repeti5</span> 
     </span>
     <span class='ocr_line' id='line_1_30' title="bbox 75 2073 1328 2125; baseline 0.005 -15"><span class='ocrx_word' id='word_1_242' title='bbox 75 2073 236 2121; x_wconf 82' lang='lat' dir='ltr'>patriam</span> <span class='ocrx_word' id='word_1_243' title='bbox 260 2076 426 2125; x_wconf 90' lang='lat' dir='ltr'>eripique</span> <span class='ocrx_word' id='word_1_244' title='bbox 447 2088 493 2113; x_wconf 90' lang='lat' dir='ltr'>ex</span> <span class='ocrx_word' id='word_1_245' title='bbox 515 2076 682 2114; x_wconf 89' lang='lat' dir='ltr'>hostium</span> <span class='ocrx_word' id='word_1_246' title='bbox 705 2078 907 2123; x_wconf 82' lang='lat' dir='ltr'>manibus3</span> <span class='ocrx_word' id='word_1_247' title='bbox 939 2078 1009 2115; x_wconf 89' lang='lat' dir='ltr'>sed</span> <span class='ocrx_word' id='word_1_248' title='bbox 1035 2090 1099 2115; x_wconf 91' lang='lat' dir='ltr'>cor</span> <span class='ocrx_word' id='word_1_249' title='bbox 1129 2078 1184 2115; x_wconf 92' lang='lat' dir='ltr'>ori</span> <span class='ocrx_word' id='word_1_250' title='bbox 1204 2078 1328 2116; x_wconf 87' lang='lat' dir='ltr'>valido</span> 
     </span>
     <span class='ocr_line' id='line_1_31' title="bbox 75 2139 1360 2193; baseline 0.005 -18"><span class='ocrx_word' id='word_1_251' title='bbox 75 2145 190 2187; x_wconf 88' lang='lat' dir='ltr'>caput</span> <span class='ocrx_word' id='word_1_252' title='bbox 219 2139 540 2182; x_wconf 55' lang='lat' dir='ltr'>deman-Locus</span> <span class='ocrx_word' id='word_1_253' title='bbox 570 2142 652 2188; x_wconf 88' lang='lat' dir='ltr'>ipse</span> <span class='ocrx_word' id='word_1_254' title='bbox 682 2142 915 2180; x_wconf 83' lang='lat' dir='ltr'>admonebat</span> <span class='ocrx_word' id='word_1_255' title='bbox 937 2142 1099 2189; x_wconf 86' lang='lat' dir='ltr'>Camilli,</span> <span class='ocrx_word' id='word_1_256' title='bbox 1120 2150 1157 2180; x_wconf 93' lang='lat' dir='ltr'>et</span> <span class='ocrx_word' id='word_1_257' title='bbox 1185 2146 1360 2193; x_wconf 83' lang='lat' dir='ltr'>magna6</span> 
     </span>
     <span class='ocr_line' id='line_1_32' title="bbox 75 2201 1327 2256; baseline 0.006 -20"><span class='ocrx_word' id='word_1_258' title='bbox 75 2212 162 2249; x_wconf 83' lang='lat' dir='ltr'>pars</span> <span class='ocrx_word' id='word_1_259' title='bbox 182 2201 344 2239; x_wconf 87' lang='lat' dir='ltr'>rnilitum</span> <span class='ocrx_word' id='word_1_260' title='bbox 364 2210 453 2248; x_wconf 87' lang='lat' dir='ltr'>erat,</span> <span class='ocrx_word' id='word_1_261' title='bbox 470 2204 535 2253; x_wconf 90' lang='lat' dir='ltr'>qui</span> <span class='ocrx_word' id='word_1_262' title='bbox 556 2204 672 2241; x_wconf 88' lang='lat' dir='ltr'>ductu</span> <span class='ocrx_word' id='word_1_263' title='bbox 694 2206 944 2255; x_wconf 88' lang='lat' dir='ltr'>auspicioque</span> <span class='ocrx_word' id='word_1_264' title='bbox 964 2206 1044 2243; x_wconf 84' lang='lat' dir='ltr'>eius</span> <span class='ocrx_word' id='word_1_265' title='bbox 1064 2219 1124 2244; x_wconf 92' lang='lat' dir='ltr'>res</span> <span class='ocrx_word' id='word_1_266' title='bbox 1145 2219 1327 2256; x_wconf 87' lang='lat' dir='ltr'>prospere</span> 
     </span>
     <span class='ocr_line' id='line_1_33' title="bbox 75 2268 1330 2321; baseline 0.006 -18"><span class='ocrx_word' id='word_1_267' title='bbox 75 2274 271 2315; x_wconf 84' lang='lat' dir='ltr'>gesserant</span> <span class='ocrx_word' id='word_1_268' title='bbox 287 2280 298 2314; x_wconf 93' lang='lat'>,·</span> <span class='ocrx_word' id='word_1_269' title='bbox 329 2275 364 2306; x_wconf 89' lang='lat' dir='ltr'>et</span> <span class='ocrx_word' id='word_1_270' title='bbox 385 2268 585 2308; x_wconf 86' lang='lat' dir='ltr'>Caedicius</span> <span class='ocrx_word' id='word_1_271' title='bbox 609 2283 760 2321; x_wconf 87' lang='lat' dir='ltr'>negare,</span> <span class='ocrx_word' id='word_1_272' title='bbox 783 2284 821 2309; x_wconf 87' lang='lat' dir='ltr'>se</span> <span class='ocrx_word' id='word_1_273' title='bbox 844 2273 1150 2319; x_wconf 85' lang='lat' dir='ltr'>commissurum,</span> <span class='ocrx_word' id='word_1_274' title='bbox 1173 2285 1239 2310; x_wconf 93' lang='lat' dir='ltr'>cur</span> <span class='ocrx_word' id='word_1_275' title='bbox 1259 2273 1330 2310; x_wconf 89' lang='lat' dir='ltr'>sibi</span> 
     </span>
    </p>
   </div>
  </div>
 </body>
</html>
