1670 2532
293 116 345 157 82
650 123 780 167 HVJ,
810 123 948 156 BOOK
971 123 1009 155 V.
1032 113 1186 171 36-38.

84 238 167 267 nc.
185 239 275 266 391..
293 231 460 281 receptui
480 237 622 268 canunt
650 231 840 267 minantes
861 229 1060 267 Romanis.
1116 228 1246 274 Erant,
1267 227 1331 278 qui
1358 228 1550 278 extemplo

294 296 462 334 Romam
483 296 651 334 eundum
672 302 891 340 censerent;
917 295 1036 332 vicere
1058 294 1236 339 seniores,
1257 300 1298 330 ut
1317 293 1428 342 legati
1449 294 1553 343 prius

293 363 531 399 mitterentur
560 368 738 411 questum
768 360 924 397 iniurias
951 359 1271 409 postulatumque,
1295 366 1336 395 ut
1369 371 1439 408 pro
1472 359 1552 396 iure

261 441 278 470 9
295 428 465 477 gentium
486 427 626 464 violato
648 426 756 462 Fabii
783 425 1022 462 dederentur.
1060 424 1194 473 Legati
1216 423 1413 461 Gallorum
1434 436 1551 474 quum

291 505 349 538 ea,
371 494 466 530 sicut
493 498 601 529 erant
627 491 819 535 mandata,
840 490 1118 539 exposuissent,
1141 489 1288 527 senatui
1315 502 1385 527 nec
1412 489 1553 527 factum

293 558 467 608 placebat
499 557 707 594 Fabiorum
741 563 779 593 et
811 556 868 592 ius
899 555 1090 605 postulare
1124 555 1274 593 barbari
1306 555 1549 600 videbantur;

293 623 359 660 sed
389 635 436 660 ne
466 622 514 667 id,
536 621 639 671 quod
669 621 853 670 placebat,
875 612 1094 658 decerffiet
1124 616 1162 657 in
1192 610 1317 657 tantae
1347 606 1554 658 ndfflitaffi

240 700 278 729 10
294 689 394 733 viris,
416 687 572 725 ambitio
593 687 778 724 obstabat.
836 676 972 735 itaque
994 699 1041 724 ne
1061 699 1178 736 penes
1199 686 1304 735 ipsos
1325 686 1438 735 culpa
1457 692 1559 723 esset,

295 754 424 799 cladis,
455 754 492 789 si
521 752 627 798 sorte,
660 751 810 790 Gallico
848 751 948 789 bello
987 759 1178 801 acceptae,
1207 752 1468 800 cognitionem
1508 751 1556 789 de

292 818 492 868 postulatis
521 816 719 855 Gallorum
746 817 794 854 ad
822 817 1008 866 populum
1029 817 1223 862 reiiciunt;
1253 817 1317 853 ubi
1342 823 1448 854 tanto
1471 816 1555 866 plus

294 884 415 933 gratia
437 890 549 932 atque
570 894 665 931 opes
686 882 850 928 valuere,
870 889 922 928 ut,
944 894 1108 932 quorum
1136 882 1182 919 de
1210 894 1338 932 poena
1359 883 1554 931 agebatur,

294 949 436 986 tribuni
457 948 620 985 militum
641 947 832 985 consulari
853 955 1038 997 potestate
1060 948 1098 984 in
1124 948 1388 997 insequentem
1409 959 1554 999 annum

243 1024 281 1053 11
297 1020 520 1052 crearentur.
579 1012 670 1059 Quo
699 1012 800 1051 facto
834 1013 938 1051 haud
973 1025 1092 1058 secus,
1121 1025 1238 1063 quam
1272 1013 1431 1061 dignum
1465 1018 1556 1056 erat,

296 1078 431 1115 infensi
453 1077 552 1115 Galli
581 1078 722 1115 bellum
750 1079 948 1128 propalam
978 1079 1167 1115 minantes
1193 1078 1241 1115 ad
1271 1089 1359 1115 suos
1386 1078 1554 1115 redeunt.

89 1150 172 1180 nc.
189 1151 280 1179 390.
295 1143 460 1180 Tribuni
498 1143 659 1180 militum
699 1156 786 1180 cum
825 1145 943 1181 tribus
974 1143 1102 1181 Fabiis
1141 1144 1255 1181 creati
1287 1143 1336 1189 Q.
1368 1143 1558 1192 Sulpicius

294 1209 465 1258 Longus,
502 1208 551 1255 Q.
587 1209 763 1247 Servilius
808 1218 995 1259 quartum,
1038 1209 1117 1247 Ser.
1151 1209 1352 1247 Cornelius
1390 1208 1556 1257 Malugi-

294 1286 437 1311 nenffls.

128 1366 201 1400 Ch.
219 1364 282 1400 37.
298 1370 313 1405 ξ
336 1376 363 1398 1.
395 1368 427 1398 T
422 1367 460 1398 lte
476 1368 630 1405 Romans,
647 1368 781 1399 blindai
792 1369 986 1410 hysarlmzc,
1007 1370 1098 1400 malet·
1114 1379 1155 1400 720
1170 1368 1291 1409 ,special
1301 1366 1534 1409 prqharcztzbns
1547 1377 1558 1403 ,-

381 1419 453 1449 and
476 1419 570 1450 when
598 1420 650 1450 the
681 1420 783 1450 Gauls
810 1420 951 1451 advancc
980 1421 1120 1460 rapt'dly,
1147 1431 1207 1450 can
1234 1420 1311 1459 only
1337 1419 1448 1449 march
1475 1418 1556 1449 with

383 1471 625 1511 haslily—lcvz'ccl
637 1475 741 1512 troops
756 1482 792 1501 as
797 1471 864 1512 Jizr
877 1482 914 1501 as
929 1472 981 1502 the
997 1472 1088 1502 Alia.

268 1544 284 1573 1
353 1536 486 1583 Quum
506 1544 610 1574 tanta
630 1538 751 1575 moles
775 1537 864 1574 mali
892 1538 1048 1575 instaret
1068 1536 1183 1587 (adeo
1204 1544 1384 1575 occaecat
1408 1537 1559 1574 animos

298 1602 459 1647 fortuna,
494 1603 559 1639 ubi
598 1603 673 1638 vim
713 1614 821 1639 suam
865 1603 1104 1651 ingruentem
1143 1602 1296 1651 refringi
1336 1614 1415 1640 non
1452 1599 1557 1651 vult),

296 1668 438 1713 civitas,
474 1680 572 1717 quae
611 1668 790 1705 adversus
829 1666 1053 1704 Fidenatem
1092 1680 1135 1704 ac
1169 1667 1370 1705 Veientem
1409 1667 1559 1704 hostem

297 1733 466 1782 aliosque
494 1733 676 1770 finitimos
701 1733 866 1782 populos
895 1732 1023 1769 ultima
1049 1733 1248 1782 experiens
1274 1733 1415 1770 auxilia
1439 1732 1558 1770 dicta·

266 1802 419 1836 2torem
458 1798 585 1835 multis
623 1798 912 1847 tempestatibus
953 1798 1120 1843 dixisset,
1155 1810 1200 1835 ea
1238 1805 1339 1844 tunc,
1368 1797 1559 1835 invisitato

299 1872 413 1913 atque
440 1864 612 1901 inaudito
638 1863 747 1901 hoste
768 1865 817 1900 ab
842 1863 1002 1901 Oceano
1029 1870 1288 1913 terrarumque
1312 1863 1453 1901 ultimis
1482 1863 1559 1901 oris

299 1929 439 1966 bellum
459 1929 592 1974 ciente,
607 1929 698 1965 nihil
714 1929 1003 1966 extraordinarii
1020 1929 1165 1978 imperii
1183 1936 1247 1966 aut
1264 1929 1391 1966 auxilii
1409 1928 1559 1978 quaesi-

267 1995 359 2031 3vit.
417 1994 589 2039 Tribuni,
611 2006 775 2043 quorum
802 1994 1012 2031 temeritate
1039 1994 1182 2031 bellum
1209 2001 1447 2032 contractum
1467 2000 1559 2039 erat,

299 2072 471 2097 summae
491 2072 616 2097 rerum
632 2066 843 2109 praeerant,
857 2059 1114 2109 dilectumque
1134 2059 1253 2097 nihilo
1272 2059 1557 2105 accuratiorem,

300 2137 417 2174 quam
456 2125 504 2161 ad
541 2125 667 2162 media
704 2125 804 2162 bella
842 2124 972 2161 haberi
1013 2125 1144 2162 solitus
1182 2130 1272 2167 erat.
1308 2131 1560 2162 extenuantes

271 2191 415 2229 4etiam
449 2189 590 2227 samam
628 2190 728 2234 belli,
758 2189 961 2227 habebant.
1016 2189 1175 2242 {nterim
1212 2189 1324 2236 Galli,
1354 2196 1614 2239 postquam-.-

301 2267 494 2304 accepere,
511 2255 609 2293 ultro
628 2254 816 2293 honorem
836 2254 1009 2293 habitum
1030 2255 1274 2293 violatoribus
1294 2255 1384 2293 iuris
1403 2254 1560 2292 humani

1204 2344 1216 2364 ἱ
