1736 2521
381 137 458 174 140
720 134 849 176 LJVY
880 134 1016 166 BOOK
1041 135 1098 168 VJ.
1124 138 1189 179 24,
1213 134 1280 180 25.

993 204 1129 230 mma
1139 203 1175 226 Ι
1172 206 1203 224 m

174 244 255 273 nc.
273 245 361 273 381.
375 247 495 277 terror
514 247 550 278 et
577 252 678 278 novo
706 240 814 278 hoste
842 248 878 278 et
889 207 1041 290 *singna
1060 232 1156 279 valle
1187 217 1407 281 Romanam
1437 242 1627 282 inclinavit

345 306 510 343 4aciem.
568 306 713 342 Instant
746 305 878 344 Volsci
913 314 1095 353 recentes,
1129 308 1194 357 qui
1229 320 1249 345 e
1280 309 1412 345 castris
1443 309 1627 358 impetum

375 371 564 417 fecerant;
596 372 785 421 integrant
809 379 845 409 et
871 372 920 409 illi
942 385 1126 422 pugnarn,
1147 374 1211 423 qui
1235 374 1410 411 simulata
1436 382 1628 413 cesserant

375 437 476 486 suga.
534 437 617 474 Iam
652 449 731 473 non
767 437 971 486 recipiebat
1005 451 1045 475 se
1080 438 1283 477 Romanus
1313 440 1431 484 miles,
1462 439 1527 477 sed
1556 440 1625 476 im-

376 515 524 540 memor
553 503 714 539 recentis
743 502 903 540 ferociae
933 504 1142 553 veterisque
1173 504 1322 541 decoris
1352 512 1456 553 terga
1486 505 1627 554 passim

345 575 362 604 5
378 569 491 605 dabat
511 576 625 617 atque
646 567 770 605 effuso
792 579 904 605 eursu
925 576 1045 606 castra
1064 571 1266 618 repetebat,
1295 582 1412 619 quum
1446 569 1630 608 Camillus

377 634 570 671 subiectus
591 634 639 670 ab
659 634 990 671 circumstantibus
1013 635 1049 671 in
1071 647 1213 684 equum
1233 642 1269 672 et
1294 635 1430 684 raptim
1452 635 1629 673 subsidiis

377 699 572 748 oppositis,
604 699 738 736 ‘Haec
767 699 839 736 cst'
871 699 1002 749 inquit,
1040 700 1210 745 ‘milites‚
1242 713 1382 750 pugna,
1415 713 1530 751 quarn
1561 713 1628 750 po-

377 766 577 815 poscistis?
634 765 731 812 Quis
766 766 896 811 homo,
937 767 1021 815 quis
1060 767 1152 805 deus
1191 774 1258 812 est,
1298 780 1414 818 quem
1453 779 1628 805 accusare

377 831 557 880 possitis?
613 831 750 868 Vestra
779 831 840 868 illa
874 832 1074 878 temeritas,
1105 841 1228 870 vestra
1257 834 1407 883 ignavia
1436 833 1532 871 haec
1561 837 1628 870 est.

348 896 508 934 GSecuti
537 895 654 933 alium
685 896 823 933 ducem
848 897 1051 946 sequimini
1084 911 1185 936 nunc
1218 899 1422 936 Camillum
1449 906 1496 944 et,
1527 897 1631 948 quod

379 961 495 999 ductu
523 973 612 999 meo
642 962 782 1007 soletis,
803 962 948 1000 vincite.
1007 962 1112 1009 Quid
1134 964 1272 1001 vallum
1303 973 1339 1001 et
1368 972 1491 1001 castra
1521 976 1628 1013 spec-

378 1025 492 1062 tatis?
550 1023 756 1061 Neminem
795 1032 961 1062 vestrum
999 1026 1060 1063 illa
1099 1027 1169 1063 nisi
1208 1028 1389 1064 victorem
1428 1033 1627 1076 receptura

348 1088 489 1137 7sunt.'
546 1089 674 1127 Pudor
705 1090 829 1139 primo
860 1091 980 1128 tenuit
1012 1091 1181 1138 effusos;
1225 1092 1324 1138 inde,
1354 1099 1395 1129 ut
1425 1091 1630 1141 circumagi

380 1157 489 1205 signa
517 1156 735 1205 obvertique
765 1157 886 1194 aciem
906 1157 1079 1195 viderunt
1106 1158 1145 1194 in
1173 1157 1334 1204 hostem,
1354 1164 1389 1195 et
1411 1158 1499 1204 dux,
1520 1169 1631 1208 prae-

379 1227 554 1270 terquam
584 1222 688 1271 quod
717 1229 770 1260 tot
799 1223 957 1271 insignis
986 1222 1196 1272 triumphis,
1226 1223 1341 1260 etiam
1371 1230 1490 1260 aetate
1519 1234 1631 1260 vene-

381 1287 509 1324 rabilis
529 1287 625 1324 inter
643 1288 765 1337 prima
785 1288 904 1337 signa,
926 1289 990 1325 ubi
1017 1289 1199 1338 plurimus
1219 1289 1325 1326 labor
1344 1288 1631 1338 periculumque

381 1359 473 1398 erat,
495 1365 534 1391 se
555 1353 749 1399 offerebat,
770 1354 965 1404 inerepare
986 1355 1123 1404 singuli
1151 1367 1190 1392 se
1221 1355 1381 1405 quisque
1405 1361 1441 1392 et
1464 1354 1574 1401 alios,
1595 1360 1630 1392 et

382 1418 593 1456 adhortatio
613 1420 651 1456 in
671 1420 793 1457 vicem
823 1427 941 1457 totam
971 1421 1084 1458 alacri
1115 1420 1281 1458 clamore
1310 1421 1471 1470 pervasit
1497 1420 1629 1458 aciem.

350 1494 368 1523 8
383 1483 519 1533 Neque
541 1484 633 1521 alter
652 1485 824 1521 tribunus
845 1485 897 1522 rei
919 1485 1045 1532 defuit,
1068 1485 1133 1523 sed
1158 1487 1295 1524 missus
1315 1498 1337 1523 a
1358 1485 1506 1535 collega
1527 1485 1631 1522 resti-

382 1557 509 1586 tuente
529 1550 699 1598 peditum
720 1551 841 1587 aciem
862 1551 910 1588 ad
931 1552 1088 1600 equites,
1110 1564 1188 1589 non
1202 1551 1437 1600 castigando,
1451 1551 1499 1588 ad
1514 1562 1631 1600 quam

382 1625 463 1650 rem
483 1612 662 1650 leviorem
682 1620 876 1650 auctorem
891 1626 979 1650 eum
999 1614 1130 1664 culpae
1152 1615 1312 1652 societas
1331 1614 1480 1659 fecerat,
1501 1613 1567 1651 sed
1583 1613 1632 1650 ab

383 1678 542 1728 imperio
564 1684 664 1715 totus
684 1678 733 1715 ad
749 1691 881 1728 preces
896 1691 1024 1716 versus
1040 1692 1146 1717 orare
1161 1679 1330 1729 singulos
1347 1679 1631 1728 universosque,

351 1756 368 1783 9
383 1749 423 1780 ut
443 1755 482 1780 se
503 1755 610 1780 reum
629 1743 801 1782 fortunae
822 1745 903 1782 eius
926 1745 999 1782 diei
1029 1746 1185 1783 crimine
1212 1745 1443 1782 eximerent:
1475 1747 1483 1762 ‘
1497 1744 1633 1781 Abnu-

382 1816 468 1846 ente
488 1821 532 1846 ac
553 1809 777 1859 prohibente
804 1810 962 1859 collega,
986 1811 1183 1848 temeritati
1213 1823 1276 1848 me
1306 1811 1480 1847 omnium
1509 1809 1634 1859 potius

383 1876 530 1913 socium
551 1888 668 1925 quarn
687 1877 800 1914 unius
819 1877 1041 1926 prudentiae
1062 1877 1159 1914 dedi.
1218 1876 1401 1914 Camillus
1422 1877 1459 1913 in
1474 1883 1634 1926 utraque

381 1949 503 1979 vestra
542 1941 693 1980 fortuna
731 1955 838 1980 suam
877 1943 1038 1991 gloriam
1069 1943 1195 1990 videt3
1239 1955 1323 1992 ego,
1359 1943 1397 1979 ni
1431 1942 1635 1980 restituitur

383 2016 524 2054 pugna,
563 2005 668 2055 quod
705 2006 959 2043 miserrimum
990 2013 1056 2052 est,
1083 2005 1275 2043 fortunam
1315 2017 1401 2043 cum
1418 2004 1634 2068 omnihps,

331 2076 371 2105 10
384 2069 578 2132 infamiam
600 2071 703 2109 solus
723 2072 894 2134 sentiam.
898 2070 907 2084 '
956 2070 1156 2121 Optimum
1172 2071 1292 2108 visum
1312 2077 1368 2108 est
1388 2059 1426 2107 in
1446 2070 1633 2108 fluctuan-

308 2122 354 2144 ”
357 2125 468 2173 tem
476 2132 627 2177 aciem†
634 2118 780 2174 tradi
744 2127 875 2192 equos
891 2144 927 2174 et
942 2137 1104 2186 pedestri
1126 2149 1256 2186 pugna
1273 2136 1449 2173 invadere
1471 2135 1633 2173 hostem.

384 2201 517 2239 Eunt*
509 2203 677 2252 msignes
702 2203 817 2240 armis
843 2202 1070 2252 animisque,
1090 2214 1166 2252 qua
1189 2201 1309 2251 premi
1333 2208 1438 2251 parte
1464 2201 1633 2238 maxime

385 2268 555 2318 peditum
591 2268 722 2318 copias
748 2268 885 2306 vident.
943 2267 1048 2305 Nihil
1078 2279 1202 2318 neque
1232 2266 1333 2317 apud
1362 2266 1478 2305 duces
1509 2277 1634 2316 neque
