1637 2554
350 139 563 171 DEFEAT
589 139 651 171 OF
680 139 779 171 THE
816 139 1088 172 VOLSCJANS.
1269 145 1346 187 123

120 202 297 256 MQ
317 203 483 252 fadaia
509 208 557 229 ν(
605 203 720 229 ..m
711 216 800 232 μη,
825 183 1166 249 Qd'ssmisaksu.

95 253 130 282 et
160 245 286 283 coloni
317 246 430 283 ctiam
459 258 481 282 a
507 204 658 283 Velitris
690 228 864 283 Romani.
915 241 1108 292 Dictator,
1139 247 1269 283 castris
1298 258 1345 283 eo
1359 257 1441 285 Rc.
1460 245 1550 285 3385.

96 311 155 348 die
186 311 330 359 positis,
365 317 519 360 postero
550 323 669 359 quum
703 311 900 359 auspicato
932 311 1116 360 prodisset
1146 309 1377 360 hostiaque7

96 388 209 413 caesa
228 388 363 425 pacem
383 376 498 413 deum
525 375 732 420 adorasset,
754 376 874 413 laetus
899 376 948 412 ad
974 375 1111 412 milites
1137 375 1213 412 iam
1241 388 1346 412 arma

97 440 145 476 ad
175 441 410 490 propositum
439 452 591 490 pugnae
621 441 785 489 signum,
816 441 911 478 sicut
941 441 1108 478 edictum
1142 447 1231 486 erat,
1263 441 1345 477 luce

97 506 219 554 prima
245 507 437 555 capientes
464 506 659 556 processit.
719 505 886 544 ‘Nostra
912 506 1067 544 victoria
1093 513 1160 552 est,
1188 506 1345 544 milites'
1361 512 1378 541 8

97 571 229 620 inquit,
263 572 315 608 ‘si
350 572 442 621 quid
479 572 515 609 di
554 578 733 620 vatesque
767 583 900 608 eorum
934 572 973 608 in
1006 571 1175 609 futurum
1208 572 1346 610 vident.

98 636 244 686 Itaque,
283 644 323 674 ut
361 637 469 674 decet
507 643 630 673 certae
669 636 748 685 spei
782 636 916 685 plenos
950 643 987 673 et
1019 649 1106 674 cum
1139 638 1348 687 imparibus

98 714 235 738 manus
255 709 510 747 conserturos,
530 702 615 751 pilis
636 710 723 738 ante
745 702 862 750 pedes
881 703 1024 750 positis,
1046 703 1180 751 gladiis
1202 710 1348 740 tantum

98 768 249 804 dextras
269 780 472 805 armemus.
522 767 582 805 Ne
602 767 775 816 procurri
797 767 951 817 quidem
972 768 1020 804 ab
1041 769 1121 805 acie
1141 768 1263 814 velim,
1281 768 1349 807 sed

97 833 261 871 obnixos
303 845 371 870 vos
411 833 532 870 stabili
571 833 692 881 gradu
731 833 915 882 impetum
954 832 1122 870 hostium
1160 834 1347 883 excipere.

98 897 175 934 Ubi
195 898 245 934 illi
269 910 367 935 vana
390 899 584 936 iniecerint
604 898 758 935 missilia
779 904 814 935 et
841 898 950 935 effusi
972 899 1157 936 stantibus
1177 899 1283 936 vobis
1307 911 1346 936 se
1360 910 1378 937 ς)

97 963 300 1008 intulerint,
332 971 411 1016 tum
441 964 582 1001 micent
615 963 741 1013 gladii,
772 970 809 1000 et
841 964 964 1000 veniat
993 964 1032 1000 in
1061 971 1228 1001 mentem
1261 964 1345 1001 uni-

97 1029 245 1078 cuique,
286 1029 379 1066 deos
415 1042 510 1074 esse,
547 1030 611 1079 qui
652 1029 873 1067 Romanum
907 1029 1097 1074 adiuvent,
1138 1029 1242 1075 deos,
1281 1030 1346 1078 qui

97 1094 275 1131 secundis
304 1095 435 1131 avibus
467 1095 504 1131 in
539 1095 724 1144 proelium
757 1095 939 1132 miserint.
996 1094 1070 1139 Tu,
1097 1094 1144 1132 T.
1177 1093 1346 1140 Quincti,
1361 1103 1401 1132 10

98 1160 266 1209 equitem
285 1160 452 1197 intentus
473 1160 521 1197 ad
541 1161 706 1209 primum
725 1160 873 1197 initium
893 1160 986 1197 moti
1007 1161 1222 1198 certaminis
1237 1167 1324 1198 tene
1336 1173 1346 1206 3

98 1232 135 1262 at
163 1225 229 1262 ubi
258 1225 412 1263 haerere
441 1226 517 1262 iam
547 1226 668 1263 aciem
698 1225 836 1263 collato
864 1225 960 1274 pede
990 1225 1135 1271 videris,
1165 1232 1247 1263 tum
1275 1233 1348 1263 ter-

97 1303 224 1329 rorem
252 1297 466 1340 equestrem
491 1291 686 1340 occupatis
712 1291 786 1328 alio
811 1292 941 1329 labore
968 1291 1074 1336 infer,
1100 1291 1349 1341 invectusque

97 1356 252 1394 ordines
285 1358 539 1406 pugnantium
574 1358 738 1407 dissipa.'
798 1356 859 1394 Sic
893 1368 1020 1405 equeS,
1056 1357 1110 1395 sic
1143 1357 1272 1406 pedes,
1307 1364 1349 1394 ut
1363 1364 1401 1393 11

97 1429 352 1471 praeceperat,
391 1429 564 1472 pugnant
575 1436 585 1470 ;
634 1435 704 1460 nec
748 1422 825 1460 dux
872 1422 1043 1471 legiones
1082 1435 1154 1460 nec
1196 1423 1348 1461 fortuna

98 1487 226 1525 fefellit
255 1488 402 1526 ducem.

101 1589 116 1624 ξ
138 1595 165 1618 1.
195 1586 226 1617 T
222 1586 260 1617 lec
276 1585 430 1628 insanl7y
441 1586 535 1618 clrive
549 1587 625 1618 bade
641 1587 693 1618 the
707 1598 829 1628 enemy,
839 1588 911 1619 and
923 1588 975 1619 tlze
990 1589 1123 1628 cavahy
1137 1588 1284 1628 complete
1299 1587 1351 1618 tlte
1365 1585 1435 1617 Ch.
1457 1584 1515 1617 13.

184 1642 268 1669 rent.
339 1641 354 1675 ξ
373 1649 402 1678 4.
426 1639 534 1678 Alany
549 1649 606 1670 are
621 1639 724 1670 killed
735 1639 806 1670 and
819 1650 919 1680 many
934 1640 1029 1670 taken
1039 1640 1217 1680 prisonem.
1290 1642 1304 1676 ξ
1322 1646 1352 1679 7.

190 1690 223 1720 T
218 1689 256 1720 lte
270 1689 442 1730 dz'sloyalty
456 1690 497 1731 os
503 1691 555 1721 tlte
573 1691 693 1720 Latius
707 1691 777 1721 and
790 1691 989 1726 Herna-ans,
1007 1691 1078 1721 ancl
1090 1691 1188 1731 qftlze
1204 1690 1352 1721 colonz‘sts

183 1741 223 1783 of
233 1742 355 1773 Circeii
367 1742 439 1772 ancl
457 1742 607 1780 Velitrae,
627 1743 655 1773 is
663 1742 790 1782 proved
802 1742 924 1782 beyond
934 1742 1039 1773 doubt.

153 1809 360 1847 Multitudo
384 1810 560 1855 hostium,
582 1810 674 1846 nulli
700 1810 751 1846 rei
777 1816 1043 1859 praeterquam
1068 1821 1230 1846 numero
1256 1808 1381 1846 fretal

99 1882 136 1913 et
161 1875 279 1912 oculis
305 1882 506 1925 utramque
534 1875 693 1912 metiens
720 1875 852 1920 aciem,
879 1881 1019 1912 temere
1045 1875 1232 1924 proelium
1256 1874 1349 1920 iniit,

99 1948 241 1978 temere
261 1941 410 1988 omisit;
442 1941 606 1979 clamore
621 1947 769 1978 tantum
784 1941 1063 2006 missilibusque
1078 1941 1159 1977 telis
1174 1941 1381 2008 etpr1m<27
1406 1970 1422 1997 ,Ι
1442 1991 1444 1994 v
1465 1976 1474 1985 ν
1512 1983 1518 1987 ,
1545 1984 1549 1987 ⁴

99 2019 249 2056 pugnae
269 2007 413 2056 impetu
432 2007 551 2052 ferox,
571 2006 719 2055 gladios
738 2013 775 2044 et
794 1989 974 2043 colsffturh
979 1990 1132 2055 pedem
1148 1986 1349 2043 {ffifffmm
1429 1988 1509 2007 r
1529 1991 1535 2002 ’

100 2072 217 2109 hostis
244 2072 379 2110 ardore
404 2073 520 2110 animi
547 2073 752 2110 micantem
773 2072 869 2110 ferre
889 2084 968 2109 non
988 2072 1120 2121 potuit.
1179 2071 1382 2121 Impulsass

100 2136 204 2175 frons
224 2138 346 2186 prima
366 2145 401 2175 et
422 2138 621 2187 trepidatio
642 2138 817 2175 subsidiis
837 2137 938 2174 illata
950 2149 959 2183 ;
990 2144 1026 2174 et
1042 2149 1153 2174 suum
1168 2144 1350 2175 terrorem

100 2201 225 2238 intulit
261 2215 400 2252 eques3
441 2203 538 2252 rupti
572 2203 662 2240 inde
694 2203 822 2239 multis
855 2202 950 2239 locis
983 2202 1135 2239 ordines
1169 2209 1350 2251 motaque

101 2267 244 2313 omnia,
277 2273 313 2305 et
344 2267 545 2306 fluctuanti
578 2268 706 2305 similis
740 2268 841 2305 acies
872 2274 960 2305 erat.
1016 2267 1117 2305 Dein
1146 2274 1351 2318 postquam
