1736 2521
393 105 477 143 224
727 102 856 143 LJVY,
883 102 1018 135 BOOK
1041 103 1120 134 Vll.
1143 106 1210 149 39,
1233 106 1302 144 40.

191 208 489 246 13.c.a42.va110
528 208 699 256 cingunt.
758 208 934 246 Perfecto
972 208 1060 246 inde
1099 221 1224 258 opere,
1263 208 1450 258 reliquum
1488 208 1561 246 diei
1599 206 1646 247 de

359 273 377 300 9
393 275 619 323 imperatore
641 275 830 312 sumendo
851 275 1047 312 sententiis
1067 275 1272 320 decertant,
1289 275 1380 312 nulli
1401 287 1445 312 ex
1467 286 1647 324 praesen-

393 341 494 378 tibus
514 340 604 376 satis
625 339 806 377 fidentes:
838 352 953 388 quem
981 348 1110 378 autem
1137 341 1186 377 ab
1214 339 1342 378 Roma
1366 352 1480 390 posse
1504 340 1646 378 exciri?

340 414 380 444 10
394 417 509 453 quem
542 412 692 454 patrum
726 412 789 442 aut
822 405 944 454 plebis
973 417 1068 451 esse,
1090 406 1154 455 qui
1183 413 1248 442 aut
1277 418 1316 443 se
1345 412 1452 444 tanto
1480 405 1648 455 periculo

394 471 517 508 sciens
538 471 682 516 offerat,
700 477 764 508 aut
779 471 840 509 cui
860 483 905 508 ex
927 471 1061 508 iniuria
1081 471 1304 508 insanientis
1325 472 1512 509 exercitus
1533 483 1649 509 causa

340 543 378 571 11
394 543 492 574 recte
514 538 796 575 committatur?
854 536 1013 574 Postero
1035 537 1095 574 die
1123 549 1241 586 quum
1272 537 1406 574 eadem
1428 537 1649 575 deliberatio

393 609 544 649 teneret,
574 615 621 640 ex
651 603 939 652 praedatoribus
965 603 1071 651 vagis
1101 602 1257 652 quidam
1282 610 1521 652 compertum
1550 609 1649 640 attu-

393 668 528 714 lerunt,
556 667 604 706 T.
633 668 859 714 Quinctium
890 669 927 705 in
958 668 1183 705 Tusculano
1212 680 1346 717 agrum
1376 668 1516 715 colere,
1546 668 1650 704 urbis

341 737 379 766 12
394 733 662 783 honorumque
686 735 964 771 immemorem.
1024 733 1206 770 Patriciae
1237 733 1298 770 hic
1325 733 1378 769 vir
1406 733 1529 781 gentis
1559 740 1648 777 erat,

395 798 455 835 cui
476 810 595 847 quum
616 800 768 837 militiae
788 812 932 848 magna
951 811 1038 836 cum
1059 798 1179 847 gloria
1206 806 1313 836 actae
1335 798 1449 835 finem
1471 810 1538 847 pes
1558 798 1650 835 alter

394 875 442 900 ex
462 864 612 901 vulnere
634 864 793 901 claudus
820 864 978 911 fecisset,
1000 865 1073 902 ruri
1101 876 1215 913 agere
1235 864 1350 900 vitam
1378 865 1510 913 procul
1531 863 1649 901 ambi-

342 930 498 967 13tione
525 942 570 967 ac
594 929 677 967 foro
702 930 908 967 constituit.
965 929 1133 967 Nomine
1161 929 1289 966 audito
1314 929 1512 979 extemplo
1533 941 1648 979 agno-

395 1007 480 1033 vere
507 995 628 1032 virum
658 1002 703 1041 et,
732 995 836 1044 quod
863 996 960 1032 bene
981 1001 1148 1039 verteret,
1176 995 1291 1031 acciri
1320 995 1518 1032 iusserunt.
1577 994 1651 1032 Sed

395 1073 531 1110 parum
581 1061 661 1110 spei
708 1068 798 1106 erat,
838 1061 1029 1099 voluntate
1069 1060 1274 1109 quicquam
1313 1059 1526 1107 facturum,
1576 1060 1651 1096 vim

343 1130 383 1162 14
398 1126 567 1163 adhiberi
593 1138 639 1164 ac
667 1133 813 1164 metum
843 1126 994 1176 placuit.
1053 1125 1186 1174 Itaque
1212 1126 1359 1163 silentio
1383 1126 1506 1164 noctis
1530 1138 1650 1176 quum

397 1199 541 1230 tectum
569 1192 689 1238 villae,
718 1193 781 1242 qui
816 1192 864 1229 ad
897 1192 935 1229 id
969 1192 1074 1229 missi
1112 1199 1230 1236 erant,
1265 1192 1479 1237 intrassent,
1513 1203 1651 1230 somno

397 1270 552 1307 gravem
592 1257 816 1304 Quinctium
855 1270 1092 1307 oppressum,
1129 1258 1220 1295 nihil
1260 1258 1441 1304 medium,
1480 1264 1544 1295 aut
1582 1257 1651 1294 im·
1687 1282 1690 1285 -

397 1324 545 1373 perium
583 1330 696 1373 atque
734 1323 923 1361 honorem
965 1331 1039 1368 aut,
1070 1324 1134 1361 ubi
1174 1324 1369 1370 restitaret,
1403 1330 1578 1368 mortem,
1614 1323 1652 1359 ni

344 1400 383 1431 15
399 1396 628 1439 sequeretur,
669 1389 950 1436 denuntiantes,
990 1390 1028 1426 in
1067 1397 1191 1427 castra
1229 1396 1504 1438 pertraxerunt.
1576 1388 1652 1426 Im-

398 1462 551 1504 perator
566 1455 758 1504 extemplo
774 1455 978 1493 adveniens
995 1455 1218 1505 appellatuS‚
1235 1455 1477 1505 insigniaque
1497 1454 1654 1491 honoris

399 1521 577 1558 exterrito
594 1521 740 1558 subitae
761 1522 812 1558 rei
833 1521 1020 1558 miraculo
1034 1520 1218 1567 deferunt,
1236 1527 1273 1557 et
1295 1521 1343 1557 ad
1364 1521 1498 1558 urbem
1517 1519 1654 1557 ducere

346 1593 385 1624 16
400 1587 541 1624 iubent.
600 1585 680 1624 Suo
718 1586 842 1635 magis
881 1586 968 1623 inde
1006 1587 1152 1635 impetu
1192 1598 1309 1636 quam
1348 1585 1508 1624 consilio
1546 1585 1654 1623 ducis

400 1651 590 1689 convulsis
617 1651 745 1700 signis,
766 1651 903 1688 infesto
928 1651 1081 1700 agmine
1103 1651 1150 1688 ad
1176 1650 1343 1700 lapidem
1365 1658 1542 1688 octavum
1561 1649 1653 1695 viae,

347 1724 386 1757 17
401 1729 499 1766 quae
537 1729 640 1754 nunc
671 1717 799 1766 Appia
830 1723 898 1762 est,
937 1717 1184 1766 perveniunt3
1225 1716 1416 1765 issentque
1455 1715 1655 1752 confestim

401 1782 450 1820 ad
487 1783 634 1828 urbem,
676 1782 713 1818 ni
752 1782 878 1820 venire
917 1789 1052 1820 contra
1099 1782 1305 1819 exercitum
1354 1781 1655 1829 dictatoremque

402 1848 582 1885 adversus
617 1860 656 1885 se
692 1847 747 1885 M.
772 1847 967 1885 Valerium
1002 1848 1170 1885 Corvum
1207 1847 1349 1884 dictum
1385 1846 1590 1890 audissent,
1620 1852 1656 1882 et

402 1914 627 1962 magistrum
646 1914 817 1964 equitum
838 1913 882 1950 L.
902 1913 1108 1950 Aemilium
1130 1912 1424 1949 Mamercinum.

233 2047 304 2081 Ch.
322 2049 388 2081 40.
409 2051 562 2082 Valerius
577 2051 740 2082 addresscs
756 2051 808 2082 tlte
823 2062 920 2091 army
931 2061 967 2082 as
983 2062 1003 2082 a
1020 2061 1196 2091 mcsscngcr
1206 2050 1352 2091 ofpcacc‚
1365 2048 1437 2080 and
1449 2049 1477 2079 is
1488 2047 1662 2089 supported

489 2103 527 2142 by
548 2103 584 2134 T.
606 2103 794 2142 Quinctius.

372 2194 388 2222 1
457 2181 533 2218 Ubi
553 2183 718 2231 primum
741 2182 780 2218 in
801 2188 1052 2231 conspectum
1065 2188 1216 2219 ventum
1232 2186 1287 2217 est
1307 2183 1341 2216 cl
1353 2191 1457 2216 arma
1473 2179 1658 2227 signaque

403 2258 606 2296 agnovere,
638 2246 832 2297 extemplo
863 2247 1044 2285 omnibus
1073 2245 1260 2284 memoria
1288 2244 1431 2294 patriae
1464 2243 1538 2281 iras
1572 2255 1658 2293 per-
