1637 2554
205 117 304 149 THE
339 118 664 151 CAMPANMNS
691 119 883 151 APPEAL
918 120 976 152 TO
1006 119 1159 151 ROME.
1231 122 1311 164 209

58 223 285 262 Samnitium
319 226 395 275 peti
427 233 474 271 et,
511 226 574 262 ubi
609 225 908 274 conflagrassent
949 225 1114 272 Sidicini,
1152 225 1200 262 ad
1239 237 1310 263 nos
1324 230 1513 260 n.c.343.

56 290 301 328 traiecturum
331 291 423 328 illud
453 292 669 329 incendium
700 304 794 328 esse.
852 291 935 329 Nec
965 292 1066 329 enim
1088 304 1200 337 nunc,
1221 291 1310 340 quia
1326 305 1363 335 13

56 355 185 392 dolent
223 356 394 393 iniuriam
435 364 630 406 acceptam
673 356 873 403 Samnites,
907 356 972 394 sed
1007 357 1094 406 quia
1129 356 1306 405 gaudent,

56 420 224 457 oblatam
245 421 315 457 sibi
335 433 418 458 esse
439 433 604 467 causam,
628 428 895 470 oppugnatum
915 434 987 459 nos
1013 422 1177 458 veniunt.
1234 421 1307 465 An,
1326 432 1364 462 14

57 485 86 522 si
120 485 212 523 ultio
243 486 320 522 irae
351 486 446 523 haec
480 491 515 523 et
547 498 626 523 non
665 487 818 524 occasio
849 487 1062 536 cupiditatis
1101 485 1309 535 explendae

56 557 164 596 esset,
186 563 320 599 parum
347 551 425 598 fuit,
448 551 553 601 quod
580 552 696 588 semel
725 552 762 587 in
791 552 960 589 Sidicino
987 564 1089 600 agro,
1112 552 1244 588 iterum
1272 551 1309 587 in

56 614 269 664 Campania
295 616 377 665 ipsa
402 616 572 666 legiones
602 624 751 653 nostras
778 617 974 654 cecidere?
1032 616 1140 663 Quae
1164 624 1219 653 est
1242 617 1310 653 ista
1325 617 1363 648 15

55 687 134 716 tam
155 680 289 718 infesta
311 681 377 727 ira,
394 694 510 730 quam
531 694 599 730 per
620 682 714 719 duas
735 683 837 719 acies
858 681 963 719 fusus
985 682 1138 731 sanguis
1159 681 1310 731 explere

56 757 133 783 non
156 747 343 794 potuerit?
399 746 510 784 Adde
531 746 605 783 huc
626 747 912 796 populationem
939 760 1131 795 agrorum,
1152 747 1311 796 praedas

56 810 254 847 hominum
271 818 383 861 atque
399 811 589 861 pecudum
606 820 721 858 actas,
738 813 914 849 incendia
927 813 1097 850 villarum
1112 826 1154 850 ac
1171 813 1308 858 ruinas,

55 877 186 913 omnia
220 875 319 914 ferro
353 877 507 926 ignique
546 884 700 914 vastata.
759 877 919 915 Hiscine
961 879 1014 915 ira
1052 878 1193 927 expleri
1231 890 1309 914 non
1325 883 1363 912 16

55 942 204 990 potuit?
263 941 339 978 Sed
367 942 552 991 cupiditas
582 942 773 991 explenda
795 950 862 980 est.
919 942 977 980 Ea
1007 944 1055 980 ad
1083 955 1310 993 oppugnan-

55 1006 145 1043 dam
169 1006 344 1056 Capuam
371 1008 488 1056 rapit3
519 1015 582 1044 aut
613 1007 735 1045 delere
765 1009 898 1046 urbem
927 1008 1218 1058 pulcherrimam
1248 1016 1310 1044 aut

55 1072 126 1121 ipsi
148 1072 341 1121 possidere
361 1073 504 1109 volunt.
563 1072 639 1111 Sed
668 1085 734 1110 vos
762 1074 897 1122 potius,
922 1073 1100 1119 Romani,
1124 1073 1309 1110 beneficio
1325 1083 1363 1114 17

54 1144 178 1175 vestro
206 1145 390 1187 occupate
421 1151 518 1184 eam,
553 1151 669 1188 quam
700 1139 782 1176 illos
812 1139 952 1176 habere
982 1152 1049 1189 per
1082 1138 1310 1176 maleficium

55 1203 197 1240 sinatis.
255 1202 346 1240 Non
373 1203 510 1253 loquor
541 1204 642 1253 apud
672 1211 907 1242 recusantem
937 1205 1032 1241 iusta
1063 1204 1160 1241 bella
1187 1215 1310 1253 popu-

55 1267 154 1314 lum;
186 1268 252 1306 sed
279 1276 420 1316 tamen,
453 1270 481 1306 si
511 1270 748 1307 ostenderitis
787 1270 926 1307 auxilia
965 1277 1097 1315 vestra,
1130 1281 1178 1306 ne
1210 1268 1310 1306 bello

55 1333 212 1383 quidem
232 1334 391 1372 arbitror
411 1336 519 1372 vobis
540 1347 638 1384 opus
656 1335 746 1373 sore.
796 1335 930 1386 Usque
951 1335 1000 1373 ad
1021 1347 1092 1372 nos
1112 1341 1308 1383 contemp·
1325 1339 1363 1368 13

55 1406 115 1436 tus
154 1398 381 1436 Samnitium
424 1401 603 1450 pervenit,
642 1412 759 1450 supra
801 1413 883 1447 nori
927 1400 1105 1438 escendit.
1174 1399 1309 1449 Itaque

56 1465 191 1502 umbra
221 1466 331 1502 vestri
366 1466 505 1511 auxilii,
544 1465 721 1511 Romani,
758 1466 833 1515 tegi
873 1478 1092 1515 possumus,
1127 1464 1310 1515 quicquid

56 1530 193 1568 deinde
231 1530 489 1578 habuerimus,
526 1532 705 1581 quicquid
739 1532 811 1580 ipsi
841 1531 1034 1578 fuerimus,
1070 1538 1236 1568 vestrum
1274 1529 1311 1567 id

55 1613 172 1638 omne
192 1601 449 1638 existimaturi.
505 1601 628 1639 Vobis
650 1602 817 1639 arabitur
839 1613 928 1650 ager
951 1600 1186 1649 Campanus,
1204 1600 1312 1636 vobis
1327 1606 1365 1636 19

57 1666 192 1715 Capua
220 1667 311 1703 urbs
339 1666 662 1716 frequentabitur3
694 1666 950 1711 conditorum,
973 1666 1200 1714 parentium,
1222 1665 1311 1702 deo-

56 1742 140 1768 rum
156 1731 425 1769 immortalium
442 1744 602 1769 numero
619 1732 732 1769 nobis
748 1731 847 1769 eritis
859 1744 870 1778 ;
901 1731 1004 1768 nulla
1019 1731 1172 1768 colonia
1188 1737 1309 1766 vestra

56 1796 136 1841 erit,
152 1809 249 1846 quae
270 1809 342 1834 nos
361 1798 547 1847 obsequio
567 1809 656 1846 erga
672 1809 738 1834 vos
755 1796 904 1846 fideque
925 1802 1087 1845 superet.
1130 1795 1311 1842 Annuste,
1325 1801 1366 1830 20

57 1868 184 1911 patres
223 1862 438 1911 conscripti,
479 1870 615 1908 Qtum
661 1875 880 1911 numenque
918 1869 1083 1899 vestrum
1130 1860 1310 1898 invictum

58 1927 266 1977 Campanis
286 1935 323 1965 et
343 1928 468 1966 iubete
489 1941 654 1978 sperare,
677 1928 909 1966 incolumem
932 1927 1106 1976 Capuam
1135 1926 1309 1962 suturam.

58 1991 148 2038 Qua
167 1992 378 2043 frequentia
398 1995 571 2032 omnium
587 2006 770 2043 generum
790 1993 1039 2030 multitudinis
1059 1998 1311 2041 prosequente
1325 1994 1366 2024 21

59 2059 209 2098 creditis
238 2073 309 2098 nos
337 2061 439 2099 illinc
469 2061 688 2112 profectos?
727 2073 843 2110 quam
873 2061 1002 2098 omnia
1030 2065 1205 2096 votorum
1235 2058 1312 2095 lac-

59 2124 317 2175 rimarumque
340 2127 453 2176 plena
479 2127 701 2176 reliquisse?
730 2126 769 2162 in
793 2137 869 2175 qua
894 2137 996 2162 nunc
1027 2124 1312 2173 exspectatione

60 2196 235 2227 senatum
273 2191 538 2241 populumque
577 2191 833 2241 Campanum,
868 2191 1050 2239 coniuges
1097 2189 1313 2238 liberosque

60 2261 213 2293 nostros
234 2257 343 2294 esse?
393 2256 498 2295 Stare
518 2268 674 2295 omnem
694 2255 974 2294 multitudinem
994 2254 1042 2292 ad
1062 2261 1191 2305 portas
1213 2254 1314 2291 viam
1327 2259 1369 2290 22

671 2334 695 2362 0
