1637 2554
401 131 500 163 TIIE
530 131 709 163 FRUJTS
739 130 802 163 OF
833 130 1051 163 I'ICTORY.
1270 133 1348 164 221

94 238 159 287 qui
189 238 396 288 expeditus,
425 247 610 290 quantum
640 237 810 276 humeris
843 238 940 276 inter
971 250 1077 275 arma
1109 237 1190 286 geri
1224 244 1349 286 posset
1364 241 1558 269 B.c.343.·

95 304 284 350 frumenti,
332 316 461 342 secum
515 304 709 349 attulisset,
763 303 938 341 defutura
985 303 1126 340 omnia.
1203 301 1349 339 Consul
1366 307 1403 336 1-2

94 369 240 418 palatos
274 381 341 419 per
371 381 485 419 agros
514 381 633 418 quum
664 369 817 406 vidisset
850 369 989 413 hostes,
1020 368 1204 405 stationes
1237 367 1348 404 infre-

94 440 253 482 quentes
282 434 441 480 relictas,
471 435 602 484 paucis
631 434 768 471 milites
798 433 1020 470 adhortatus
1050 431 1098 469 ad
1129 439 1251 469 castra
1280 444 1348 481 op-

94 499 302 548 pugnanda
341 499 454 537 ducit.
531 499 643 546 Quae
683 510 802 549 quum
851 499 976 548 primo
1020 497 1187 535 clamore
1236 504 1349 546 atque
1365 510 1402 539 13

93 565 238 612 impetu
264 565 437 614 cepisset,
465 565 635 615 pluribus
666 563 834 601 hostium
863 564 901 600 in
929 563 1098 600 tentoriis
1129 563 1205 600 suis
1233 575 1348 613 quarn

94 629 132 665 in
167 630 286 678 portis
315 629 491 679 valloque
521 630 652 674 caesis,
685 629 793 678 signa
823 629 968 677 captiva
998 628 1036 664 in
1068 640 1186 664 unum
1219 628 1348 665 locum

94 694 256 731 conferri
286 695 413 741 iussit3
443 695 657 744 relictisque
682 694 832 731 duabus
862 694 1077 742 legionibus
1099 693 1292 731 custodiae
1313 702 1348 730 et

94 761 269 809 praesidii
290 773 418 807 causa,
439 761 542 810 gravi
563 761 688 798 edicto
718 761 883 806 monitis,
904 768 954 805 ut,
977 760 1099 797 donec
1127 761 1207 809 ipse
1226 772 1347 797 rever-

93 826 210 871 tisset,
249 827 392 875 praeda
439 827 681 869 abstinerent,
721 825 917 874 profectus
955 826 1109 875 agmine
1151 826 1436 875 instruct0,14„

1396 874 1400 879 ,
1477 843 1558 882 ‚42:99
1575 860 1637 876 we*

93 903 212 940 quum
233 891 465 941 praemissus
485 903 602 941 eques
619 890 719 927 velut
740 891 920 928 indaoine
937 891 1140 941 dissipatos
1158 868 1609 928 Samnitegz‘ssuff.

747 923 916 940 ,4-

93 962 232 1004 ageret,
261 955 420 992 caedem
450 957 644 1005 ingentem
674 955 771 993 fecit.
832 955 934 993 Nam
965 969 1100 1006 neque,
1132 968 1209 1006 quo
1240 957 1403 1005 signo15

93 1020 238 1058 coirent
257 1021 355 1058 inter
375 1033 426 1067 se,
441 1033 578 1071 neque,
591 1028 718 1058 utrum
739 1028 863 1059 castra
883 1029 1053 1071 peterent
1069 1034 1116 1059 an
1137 1022 1349 1071 longiorem

94 1086 331 1123 intenderent
358 1086 502 1136 fugam,
533 1087 670 1124 territis
700 1095 876 1125 constare
910 1094 1083 1137 poterat;
1128 1094 1350 1136 tantumque
1365 1100 1404 1128 16

94 1151 205 1201 fugae
221 1164 265 1189 ac
286 1151 498 1189 formidinis
518 1151 599 1197 fuit,
613 1157 654 1188 ut
670 1151 718 1188 ad
735 1152 988 1203 quadraginta
1007 1153 1124 1189 millia
1145 1159 1349 1195 scutorum,

94 1229 338 1267 nequaquam
357 1225 412 1255 tot
433 1218 565 1259 caesis,
587 1224 622 1254 et
652 1217 761 1267 signa
791 1218 963 1255 militaria
991 1230 1078 1255 cum
1108 1219 1165 1263 iis,
1185 1230 1283 1267 quae
1312 1218 1350 1254 in

93 1282 223 1319 castris
252 1290 364 1332 capta
392 1289 511 1328 erant,
541 1283 589 1319 ad
619 1291 773 1320 centum
804 1284 1046 1332 septuaginta
1075 1283 1124 1320 ad
1153 1283 1349 1320 consulem

94 1347 337 1385 deferrentur.
377 1348 483 1385 Tum
502 1349 542 1385 in
562 1356 684 1386 castra
704 1348 871 1386 hostiurn
893 1348 1066 1393 reditum,
1080 1348 1209 1397 ibique
1225 1348 1350 1385 omnis
1366 1355 1405 1386 17

93 1412 234 1461 praeda
252 1413 360 1450 militi
379 1413 478 1450 data.

97 1536 113 1572 §
129 1542 158 1565 1.
188 1534 287 1565 These
307 1535 457 1566 vz'ctories
479 1535 596 1567 induce
614 1536 666 1566 the
688 1536 860 1566 Faliscum
874 1540 905 1566 to
919 1535 986 1566 scek
1002 1536 1151 1572 alliance,
1167 1535 1238 1566 and
1245 1535 1354 1566 diver!
1366 1531 1438 1565 Ch.
1456 1530 1521 1565 38.

179 1586 233 1617 the
262 1586 393 1618 Latius.
449 1588 546 1618 Evcn
577 1588 630 1618 tlze
663 1587 927 1627 Carllzagy'nians
956 1587 1039 1617 send
1063 1587 1352 1628 congratulations.

184 1640 250 1677 §4-
285 1638 466 1669 Garrz'sons
493 1649 550 1668 are
576 1643 647 1669 seul
674 1644 704 1669 lo
736 1638 891 1668 Suessula
919 1638 991 1668 and
1016 1639 1140 1679 Capua.
1190 1641 1253 1677 ἐξ).
1288 1638 1321 1668 T
1316 1638 1355 1668 lle

179 1689 315 1720 soldz'ers
345 1690 382 1720 in
417 1691 541 1730 Capua,
574 1689 791 1720 demoralised
817 1689 855 1728 hy
880 1689 932 1719 the
958 1690 1095 1723 climate.
1122 1689 1213 1720 make
1238 1699 1258 1719 a
1284 1689 1355 1730 plot

181 1745 212 1771 lo
227 1740 299 1771 take
313 1741 366 1771 the
383 1741 457 1780 city,
475 1740 582 1770 which
606 1740 635 1770 is
655 1740 837 1771 discovered
854 1740 892 1780 hy
913 1741 947 1771 C.
965 1741 1119 1770 Marcius
1135 1741 1286 1778 Rutilus,
1302 1741 1355 1771 the

180 1803 255 1822 new
276 1793 397 1823 consul.

149 1868 280 1907 Huius
299 1871 515 1908 certaminis
545 1870 695 1908 fortuna
715 1878 751 1908 et
778 1871 956 1915 Faliscos,
979 1884 1098 1921 quum
1128 1872 1166 1908 in
1195 1870 1383 1908 indutiisl

95 1941 233 1980 essent,
264 1935 398 1973 foedus
435 1943 562 1985 petere
597 1936 645 1973 ab
680 1943 813 1973 senatu
844 1937 970 1986 coegit
1002 1944 1040 1973 et
1071 1936 1243 1981 Latinos,
1274 1935 1350 1972 iam

96 2000 324 2037 exercitibus
360 2001 602 2050 comparatis,
635 2001 683 2038 ab
724 2000 904 2039 Romano
935 2002 974 2037 in
1008 2000 1211 2049 Pelignum
1244 2001 1353 2037 vertit

95 2064 247 2102 bellurn.
303 2063 440 2114 Neque
478 2065 530 2102 ita
567 2066 619 2102 rei
656 2072 785 2115 gestae
823 2065 926 2102 fama
967 2064 1097 2102 Italiae
1136 2077 1175 2102 se
1214 2065 1386 2102 finibus2

96 2129 228 2174 tenuit,
263 2129 331 2166 sed
369 2129 706 2179 Carthaginienses
743 2142 898 2180 quoque
935 2130 1082 2179 legatos
1120 2130 1353 2179 gratulatum

98 2192 269 2231 Romam
314 2194 449 2231 misere
496 2206 584 2231 cum
625 2207 790 2232 coronae
833 2207 968 2232 aureae
1017 2195 1133 2239 dono,
1175 2208 1273 2245 quae
1315 2196 1354 2232 in

99 2257 291 2308 Capitolio
329 2258 368 2294 in
407 2257 509 2296 Iovis
547 2258 643 2296 cella
679 2266 908 2309 poneretur;
952 2258 1021 2297 fuit
1058 2259 1193 2309 pondo
1225 2260 1356 2310 viginti
