<?xml version="1.0" encoding="UTF-8"?>
<!DOCTYPE html PUBLIC "-//W3C//DTD XHTML 1.0 Transitional//EN"
    "http://www.w3.org/TR/xhtml1/DTD/xhtml1-transitional.dtd">
<html xmlns="http://www.w3.org/1999/xhtml" xml:lang="en" lang="en">
 <head>
  <title>
</title>
<meta http-equiv="Content-Type" content="text/html;charset=utf-8" />
  <meta name='ocr-system' content='tesseract 3.04.00' />
  <meta name='ocr-capabilities' content='ocr_page ocr_carea ocr_par ocr_line ocrx_word'/>
</head>
<body>
  <div class='ocr_page' id='page_1' title='image "./booksvvivii00livyuoft_0169.png"; bbox 0 0 1637 2554; ppageno 0'>
   <div class='ocr_carea' id='block_1_1' title="bbox 396 94 1307 135">
    <p class='ocr_par' dir='ltr' id='par_1_1' title="bbox 396 94 1307 135">
     <span class='ocr_line' id='line_1_1' title="bbox 396 94 1307 135; baseline -0.002 -7"><span class='ocrx_word' id='word_1_1' title='bbox 396 96 504 128; x_wconf 82' lang='lat' dir='ltr'>WAR</span> <span class='ocrx_word' id='word_1_2' title='bbox 542 95 681 128; x_wconf 82' lang='lat' dir='ltr'><em>WITH</em></span> <span class='ocrx_word' id='word_1_3' title='bbox 708 94 979 127; x_wconf 81' lang='lat' dir='ltr'><em>TUSCULUM.</em></span> <span class='ocrx_word' id='word_1_4' title='bbox 1231 97 1307 135; x_wconf 86' lang='lat'>141</span> 
     </span>
    </p>
   </div>
   <div class='ocr_carea' id='block_1_2' title="bbox 59 199 1513 446">
    <p class='ocr_par' dir='ltr' id='par_1_2' title="bbox 59 199 1513 380">
     <span class='ocr_line' id='line_1_2' title="bbox 59 199 1513 251; baseline -0.003 -12"><span class='ocrx_word' id='word_1_5' title='bbox 59 200 161 251; x_wconf 86' lang='lat' dir='ltr'>apud</span> <span class='ocrx_word' id='word_1_6' title='bbox 182 201 317 239; x_wconf 86' lang='lat' dir='ltr'>milites</span> <span class='ocrx_word' id='word_1_7' title='bbox 337 201 537 239; x_wconf 85' lang='lat' dir='ltr'>remittitur</span> <span class='ocrx_word' id='word_1_8' title='bbox 556 213 578 238; x_wconf 86' lang='lat' dir='ltr'>a</span> <span class='ocrx_word' id='word_1_9' title='bbox 599 213 753 238; x_wconf 90' lang='lat' dir='ltr'>summo</span> <span class='ocrx_word' id='word_1_10' title='bbox 773 200 978 238; x_wconf 89' lang='lat' dir='ltr'>certamine</span> <span class='ocrx_word' id='word_1_11' title='bbox 999 200 1126 236; x_wconf 89' lang='lat' dir='ltr'>animi.</span> <span class='ocrx_word' id='word_1_12' title='bbox 1186 199 1310 236; x_wconf 85' lang='lat' dir='ltr'>Sensit</span> <span class='ocrx_word' id='word_1_13' title='bbox 1324 201 1407 231; x_wconf 73' lang='grc' dir='ltr'><strong>Β-ῦ-</strong></span> <span class='ocrx_word' id='word_1_14' title='bbox 1424 203 1513 230; x_wconf 80' lang='lat'>381·</span> 
     </span>
     <span class='ocr_line' id='line_1_3' title="bbox 59 252 1363 316; baseline -0.002 -12"><span class='ocrx_word' id='word_1_15' title='bbox 59 279 152 316; x_wconf 83' lang='lat' dir='ltr'>ergo</span> <span class='ocrx_word' id='word_1_16' title='bbox 182 274 338 305; x_wconf 82' lang='lat' dir='ltr'>eventus</span> <span class='ocrx_word' id='word_1_17' title='bbox 368 267 511 304; x_wconf 74' lang='lat' dir='ltr'>virtutis</span> <span class='ocrx_word' id='word_1_18' title='bbox 539 267 676 304; x_wconf 82' lang='lat' dir='ltr'>enixae</span> <span class='ocrx_word' id='word_1_19' title='bbox 707 278 834 315; x_wconf 89' lang='lat' dir='ltr'>opem,</span> <span class='ocrx_word' id='word_1_20' title='bbox 860 273 896 303; x_wconf 90' lang='lat' dir='ltr'>et</span> <span class='ocrx_word' id='word_1_21' title='bbox 917 265 1059 310; x_wconf 84' lang='lat' dir='ltr'>Volsci,</span> <span class='ocrx_word' id='word_1_22' title='bbox 1088 277 1164 315; x_wconf 90' lang='lat' dir='ltr'>qua</span> <span class='ocrx_word' id='word_1_23' title='bbox 1192 265 1309 302; x_wconf 90' lang='lat' dir='ltr'>modo</span> <span class='ocrx_word' id='word_1_24' title='bbox 1326 252 1363 282; x_wconf 89' lang='lat'>11</span> 
     </span>
     <span class='ocr_line' id='line_1_4' title="bbox 60 331 1311 380; baseline -0.002 -12"><span class='ocrx_word' id='word_1_25' title='bbox 60 332 237 370; x_wconf 87' lang='lat' dir='ltr'>simulato</span> <span class='ocrx_word' id='word_1_26' title='bbox 258 340 362 369; x_wconf 87' lang='lat' dir='ltr'>metu</span> <span class='ocrx_word' id='word_1_27' title='bbox 381 340 584 377; x_wconf 82' lang='lat' dir='ltr'>cesserant,</span> <span class='ocrx_word' id='word_1_28' title='bbox 605 344 650 369; x_wconf 87' lang='lat' dir='ltr'>ea</span> <span class='ocrx_word' id='word_1_29' title='bbox 669 332 708 368; x_wconf 91' lang='lat' dir='ltr'>in</span> <span class='ocrx_word' id='word_1_30' title='bbox 728 344 857 369; x_wconf 90' lang='lat' dir='ltr'>veram</span> <span class='ocrx_word' id='word_1_31' title='bbox 877 331 1007 380; x_wconf 88' lang='lat' dir='ltr'>sugam</span> <span class='ocrx_word' id='word_1_32' title='bbox 1027 331 1148 376; x_wconf 87' lang='lat' dir='ltr'>effusi,</span> <span class='ocrx_word' id='word_1_33' title='bbox 1169 342 1311 379; x_wconf 84' lang='lat' dir='ltr'>magna</span> 
     </span>
    </p>

    <p class='ocr_par' dir='ltr' id='par_1_3' title="bbox 60 396 1313 446">
     <span class='ocr_line' id='line_1_5' title="bbox 60 396 1313 446; baseline -0.002 -12"><span class='ocrx_word' id='word_1_34' title='bbox 60 409 147 446; x_wconf 86' lang='lat' dir='ltr'>pars</span> <span class='ocrx_word' id='word_1_35' title='bbox 168 399 262 435; x_wconf 88' lang='lat' dir='ltr'>etin</span> <span class='ocrx_word' id='word_1_36' title='bbox 283 398 366 446; x_wconf 90' lang='lat' dir='ltr'>ipso</span> <span class='ocrx_word' id='word_1_37' title='bbox 395 398 600 435; x_wconf 82' lang='lat' dir='ltr'>certamine</span> <span class='ocrx_word' id='word_1_38' title='bbox 621 405 657 434; x_wconf 86' lang='lat' dir='ltr'>et</span> <span class='ocrx_word' id='word_1_39' title='bbox 686 404 771 446; x_wconf 85' lang='lat' dir='ltr'>post</span> <span class='ocrx_word' id='word_1_40' title='bbox 801 397 839 433; x_wconf 91' lang='lat' dir='ltr'>in</span> <span class='ocrx_word' id='word_1_41' title='bbox 868 396 958 445; x_wconf 87' lang='lat' dir='ltr'>suga</span> <span class='ocrx_word' id='word_1_42' title='bbox 988 396 1100 441; x_wconf 85' lang='lat' dir='ltr'>caesi,</span> <span class='ocrx_word' id='word_1_43' title='bbox 1131 396 1244 433; x_wconf 89' lang='lat' dir='ltr'>ceteri</span> <span class='ocrx_word' id='word_1_44' title='bbox 1273 396 1313 432; x_wconf 87' lang='lat' dir='ltr'>in</span> 
     </span>
    </p>
   </div>
   <div class='ocr_carea' id='block_1_3' title="bbox 61 461 1315 577">
    <p class='ocr_par' dir='ltr' id='par_1_4' title="bbox 61 461 1315 577">
     <span class='ocr_line' id='line_1_6' title="bbox 61 461 1315 512; baseline -0.002 -13"><span class='ocrx_word' id='word_1_45' title='bbox 61 463 205 508; x_wconf 87' lang='lat' dir='ltr'>castris,</span> <span class='ocrx_word' id='word_1_46' title='bbox 244 475 342 512; x_wconf 87' lang='lat' dir='ltr'>quae</span> <span class='ocrx_word' id='word_1_47' title='bbox 381 470 493 512; x_wconf 85' lang='lat' dir='ltr'>capta</span> <span class='ocrx_word' id='word_1_48' title='bbox 529 462 666 500; x_wconf 89' lang='lat' dir='ltr'>eodem</span> <span class='ocrx_word' id='word_1_49' title='bbox 706 463 850 512; x_wconf 89' lang='lat' dir='ltr'>impetu</span> <span class='ocrx_word' id='word_1_50' title='bbox 884 469 992 507; x_wconf 88' lang='lat' dir='ltr'>sunt;</span> <span class='ocrx_word' id='word_1_51' title='bbox 1027 461 1152 512; x_wconf 88' lang='lat' dir='ltr'>plures</span> <span class='ocrx_word' id='word_1_52' title='bbox 1186 469 1315 498; x_wconf 88' lang='lat' dir='ltr'>tamen</span> 
     </span>
     <span class='ocr_line' id='line_1_7' title="bbox 62 528 446 577; baseline 0.003 -12"><span class='ocrx_word' id='word_1_53' title='bbox 62 529 162 577; x_wconf 85' lang='lat' dir='ltr'>capti</span> <span class='ocrx_word' id='word_1_54' title='bbox 183 540 298 577; x_wconf 86' lang='lat' dir='ltr'>quam</span> <span class='ocrx_word' id='word_1_55' title='bbox 319 528 446 566; x_wconf 78' lang='lat' dir='ltr'>occisi.</span> 
     </span>
    </p>
   </div>
   <div class='ocr_carea' id='block_1_4' title="bbox 65 665 1486 810">
    <p class='ocr_par' dir='ltr' id='par_1_5' title="bbox 65 665 1486 810">
     <span class='ocr_line' id='line_1_8' title="bbox 65 665 1486 706; baseline 0.001 -11"><span class='ocrx_word' id='word_1_56' title='bbox 65 668 80 702; x_wconf 76' lang='grc'><strong>5</strong></span> <span class='ocrx_word' id='word_1_57' title='bbox 102 674 127 695; x_wconf 95' lang='lat'>1.</span> <span class='ocrx_word' id='word_1_58' title='bbox 152 666 286 706; x_wconf 75' lang='lat' dir='ltr'>Among</span> <span class='ocrx_word' id='word_1_59' title='bbox 305 665 358 696; x_wconf 72' lang='lat' dir='ltr'>tlzc</span> <span class='ocrx_word' id='word_1_60' title='bbox 373 665 545 706; x_wconf 67' lang='lat' dir='ltr'>prisonem·</span> <span class='ocrx_word' id='word_1_61' title='bbox 567 675 624 696; x_wconf 77' lang='lat' dir='ltr'>arc</span> <span class='ocrx_word' id='word_1_62' title='bbox 646 665 679 696; x_wconf 92' lang='lat' dir='ltr'><em>T</em></span> <span class='ocrx_word' id='word_1_63' title='bbox 675 665 830 696; x_wconf 77' lang='lat' dir='ltr'>usculans</span> <span class='ocrx_word' id='word_1_64' title='bbox 848 669 919 696; x_wconf 83' lang='lat' dir='ltr'>sent</span> <span class='ocrx_word' id='word_1_65' title='bbox 938 665 976 706; x_wconf 80' lang='lat' dir='ltr'>by</span> <span class='ocrx_word' id='word_1_66' title='bbox 1000 665 1090 697; x_wconf 76' lang='lat' dir='ltr'>tlzcir</span> <span class='ocrx_word' id='word_1_67' title='bbox 1106 666 1205 697; x_wconf 81' lang='lat' dir='ltr'>State.</span> <span class='ocrx_word' id='word_1_68' title='bbox 1253 668 1268 703; x_wconf 74' lang='grc'><strong>5</strong></span> <span class='ocrx_word' id='word_1_69' title='bbox 1288 674 1316 706; x_wconf 89' lang='lat'>5.</span> <span class='ocrx_word' id='word_1_70' title='bbox 1332 669 1405 702; x_wconf 81' lang='lat' dir='ltr'>Ch,</span> <span class='ocrx_word' id='word_1_71' title='bbox 1423 668 1486 701; x_wconf 86' lang='grc'>25,</span> 
     </span>
     <span class='ocr_line' id='line_1_9' title="bbox 150 717 1320 755; baseline 0 -7"><span class='ocrx_word' id='word_1_72' title='bbox 150 718 250 748; x_wconf 72' lang='lat' dir='ltr'>lx’omc</span> <span class='ocrx_word' id='word_1_73' title='bbox 266 717 403 748; x_wconf 66' lang='lat' dir='ltr'>declares</span> <span class='ocrx_word' id='word_1_74' title='bbox 418 728 493 747; x_wconf 72' lang='lat' dir='ltr'>war</span> <span class='ocrx_word' id='word_1_75' title='bbox 508 728 548 748; x_wconf 80' lang='lat' dir='ltr'>on</span> <span class='ocrx_word' id='word_1_76' title='bbox 571 718 760 755; x_wconf 79' lang='lat' dir='ltr'>Tusculum,</span> <span class='ocrx_word' id='word_1_77' title='bbox 773 717 844 747; x_wconf 82' lang='lat' dir='ltr'>and</span> <span class='ocrx_word' id='word_1_78' title='bbox 856 717 1019 748; x_wconf 79' lang='lat' dir='ltr'>Camillus</span> <span class='ocrx_word' id='word_1_79' title='bbox 1035 718 1117 748; x_wconf 63' lang='lat' dir='ltr'>willa</span> <span class='ocrx_word' id='word_1_80' title='bbox 1133 718 1173 748; x_wconf 88' lang='lat' dir='ltr'>L.</span> <span class='ocrx_word' id='word_1_81' title='bbox 1190 718 1320 749; x_wconf 82' lang='lat' dir='ltr'>Furius</span> 
     </span>
     <span class='ocr_line' id='line_1_10' title="bbox 146 767 1108 810; baseline 0.002 -12"><span class='ocrx_word' id='word_1_82' title='bbox 146 778 218 809; x_wconf 72' lang='lat' dir='ltr'>goes</span> <span class='ocrx_word' id='word_1_83' title='bbox 232 769 363 810; x_wconf 77' lang='lat' dir='ltr'>against</span> <span class='ocrx_word' id='word_1_84' title='bbox 379 768 474 807; x_wconf 71' lang='lat' dir='ltr'>them,</span> <span class='ocrx_word' id='word_1_85' title='bbox 493 767 650 810; x_wconf 80' lang='lat' dir='ltr'>lmtfinds</span> <span class='ocrx_word' id='word_1_86' title='bbox 666 769 752 799; x_wconf 76' lang='lat' dir='ltr'>llzcm</span> <span class='ocrx_word' id='word_1_87' title='bbox 761 769 940 810; x_wconf 66' lang='lat' dir='ltr'>persistent</span> <span class='ocrx_word' id='word_1_88' title='bbox 956 770 993 800; x_wconf 78' lang='lat' dir='ltr'>in</span> <span class='ocrx_word' id='word_1_89' title='bbox 1003 774 1108 810; x_wconf 70' lang='lat' dir='ltr'>peace.</span> 
     </span>
    </p>
   </div>
   <div class='ocr_carea' id='block_1_5' title="bbox 67 857 1372 2143">
    <p class='ocr_par' dir='ltr' id='par_1_6' title="bbox 67 857 1372 2143">
     <span class='ocr_line' id='line_1_11' title="bbox 120 857 1350 909; baseline 0.002 -15"><span class='ocrx_word' id='word_1_90' title='bbox 120 857 198 894; x_wconf 78' lang='lat' dir='ltr'>Ubi</span> <span class='ocrx_word' id='word_1_91' title='bbox 235 858 275 894; x_wconf 94' lang='lat' dir='ltr'>in</span> <span class='ocrx_word' id='word_1_92' title='bbox 311 857 554 896; x_wconf 84' lang='lat' dir='ltr'>recensendis</span> <span class='ocrx_word' id='word_1_93' title='bbox 588 858 744 907; x_wconf 85' lang='lat' dir='ltr'>captivis</span> <span class='ocrx_word' id='word_1_94' title='bbox 778 870 898 908; x_wconf 89' lang='lat' dir='ltr'>quum</span> <span class='ocrx_word' id='word_1_95' title='bbox 928 858 1140 896; x_wconf 81' lang='lat' dir='ltr'>Tusculani</span> <span class='ocrx_word' id='word_1_96' title='bbox 1175 859 1350 909; x_wconf 84' lang='lat' dir='ltr'>aliquotl</span> 
     </span>
     <span class='ocr_line' id='line_1_12' title="bbox 67 921 1318 971; baseline 0.001 -13"><span class='ocrx_word' id='word_1_97' title='bbox 67 921 353 971; x_wconf 86' lang='lat' dir='ltr'>noscitarentur‚</span> <span class='ocrx_word' id='word_1_98' title='bbox 375 922 508 959; x_wconf 86' lang='lat' dir='ltr'>secreti</span> <span class='ocrx_word' id='word_1_99' title='bbox 531 922 580 959; x_wconf 91' lang='lat' dir='ltr'>ab</span> <span class='ocrx_word' id='word_1_100' title='bbox 601 922 681 958; x_wconf 88' lang='lat' dir='ltr'>aliis</span> <span class='ocrx_word' id='word_1_101' title='bbox 702 921 750 958; x_wconf 92' lang='lat' dir='ltr'>ad</span> <span class='ocrx_word' id='word_1_102' title='bbox 771 921 942 958; x_wconf 87' lang='lat' dir='ltr'>tribunos</span> <span class='ocrx_word' id='word_1_103' title='bbox 963 921 1213 968; x_wconf 88' lang='lat' dir='ltr'>adducuntur,</span> <span class='ocrx_word' id='word_1_104' title='bbox 1235 935 1318 971; x_wconf 92' lang='lat' dir='ltr'>per-</span> 
     </span>
     <span class='ocr_line' id='line_1_13' title="bbox 68 986 1353 1036; baseline 0.002 -13"><span class='ocrx_word' id='word_1_105' title='bbox 68 987 390 1036; x_wconf 87' lang='lat' dir='ltr'>contantibusque</span> <span class='ocrx_word' id='word_1_106' title='bbox 411 986 511 1033; x_wconf 84' lang='lat' dir='ltr'>fassi,</span> <span class='ocrx_word' id='word_1_107' title='bbox 532 987 687 1036; x_wconf 86' lang='lat' dir='ltr'>publico</span> <span class='ocrx_word' id='word_1_108' title='bbox 709 987 870 1024; x_wconf 86' lang='lat' dir='ltr'>consilio</span> <span class='ocrx_word' id='word_1_109' title='bbox 891 999 930 1024; x_wconf 91' lang='lat' dir='ltr'>se</span> <span class='ocrx_word' id='word_1_110' title='bbox 951 987 1143 1024; x_wconf 85' lang='lat' dir='ltr'>militasse.</span> <span class='ocrx_word' id='word_1_111' title='bbox 1201 987 1320 1025; x_wconf 88' lang='lat' dir='ltr'>Cuius</span> <span class='ocrx_word' id='word_1_112' title='bbox 1335 996 1353 1025; x_wconf 78' lang='lat'>2</span> 
     </span>
     <span class='ocr_line' id='line_1_14' title="bbox 69 1051 1322 1102; baseline 0.001 -14"><span class='ocrx_word' id='word_1_113' title='bbox 69 1059 147 1090; x_wconf 89' lang='lat' dir='ltr'>tam</span> <span class='ocrx_word' id='word_1_114' title='bbox 167 1052 277 1088; x_wconf 82' lang='lat' dir='ltr'>vicini</span> <span class='ocrx_word' id='word_1_115' title='bbox 297 1053 383 1089; x_wconf 85' lang='lat' dir='ltr'>belli</span> <span class='ocrx_word' id='word_1_116' title='bbox 403 1060 507 1090; x_wconf 88' lang='lat' dir='ltr'>metu</span> <span class='ocrx_word' id='word_1_117' title='bbox 528 1051 711 1090; x_wconf 88' lang='lat' dir='ltr'>Camillus</span> <span class='ocrx_word' id='word_1_118' title='bbox 730 1060 857 1090; x_wconf 88' lang='lat' dir='ltr'>motus</span> <span class='ocrx_word' id='word_1_119' title='bbox 879 1053 1071 1102; x_wconf 80' lang='lat' dir='ltr'>externplo</span> <span class='ocrx_word' id='word_1_120' title='bbox 1091 1066 1130 1090; x_wconf 90' lang='lat' dir='ltr'>se</span> <span class='ocrx_word' id='word_1_121' title='bbox 1152 1052 1322 1090; x_wconf 89' lang='lat' dir='ltr'>Romam</span> 
     </span>
     <span class='ocr_line' id='line_1_15' title="bbox 70 1118 1323 1168; baseline 0.001 -14"><span class='ocrx_word' id='word_1_122' title='bbox 70 1118 242 1166; x_wconf 80' lang='lat' dir='ltr'>captivos</span> <span class='ocrx_word' id='word_1_123' title='bbox 266 1118 469 1155; x_wconf 89' lang='lat' dir='ltr'>ducturum</span> <span class='ocrx_word' id='word_1_124' title='bbox 498 1119 560 1164; x_wconf 87' lang='lat' dir='ltr'>ait,</span> <span class='ocrx_word' id='word_1_125' title='bbox 582 1130 631 1155; x_wconf 88' lang='lat' dir='ltr'>ne</span> <span class='ocrx_word' id='word_1_126' title='bbox 660 1125 786 1168; x_wconf 88' lang='lat' dir='ltr'>patres</span> <span class='ocrx_word' id='word_1_127' title='bbox 817 1119 938 1167; x_wconf 91' lang='lat' dir='ltr'>ignari</span> <span class='ocrx_word' id='word_1_128' title='bbox 970 1119 1054 1164; x_wconf 90' lang='lat' dir='ltr'>sint,</span> <span class='ocrx_word' id='word_1_129' title='bbox 1077 1118 1323 1156; x_wconf 84' lang='lat' dir='ltr'>Tusculanos</span> 
     </span>
     <span class='ocr_line' id='line_1_16' title="bbox 71 1183 1324 1234; baseline 0.001 -15"><span class='ocrx_word' id='word_1_130' title='bbox 71 1183 120 1219; x_wconf 89' lang='lat' dir='ltr'>ab</span> <span class='ocrx_word' id='word_1_131' title='bbox 144 1183 325 1221; x_wconf 88' lang='lat' dir='ltr'>societate</span> <span class='ocrx_word' id='word_1_132' title='bbox 353 1183 538 1222; x_wconf 84' lang='lat' dir='ltr'>descisse:</span> <span class='ocrx_word' id='word_1_133' title='bbox 571 1184 702 1221; x_wconf 89' lang='lat' dir='ltr'>castris</span> <span class='ocrx_word' id='word_1_134' title='bbox 731 1184 990 1234; x_wconf 81' lang='lat' dir='ltr'>exercituique</span> <span class='ocrx_word' id='word_1_135' title='bbox 1019 1185 1180 1230; x_wconf 86' lang='lat' dir='ltr'>interim,</span> <span class='ocrx_word' id='word_1_136' title='bbox 1211 1184 1241 1221; x_wconf 87' lang='lat' dir='ltr'>si</span> <span class='ocrx_word' id='word_1_137' title='bbox 1269 1184 1324 1220; x_wconf 76' lang='lat' dir='ltr'>vi-</span> 
     </span>
     <span class='ocr_line' id='line_1_17' title="bbox 71 1247 1357 1299; baseline 0.002 -14"><span class='ocrx_word' id='word_1_138' title='bbox 71 1247 214 1293; x_wconf 87' lang='lat' dir='ltr'>deatur,</span> <span class='ocrx_word' id='word_1_139' title='bbox 241 1250 380 1299; x_wconf 85' lang='lat' dir='ltr'>praesit</span> <span class='ocrx_word' id='word_1_140' title='bbox 408 1249 564 1299; x_wconf 85' lang='lat' dir='ltr'>collega.</span> <span class='ocrx_word' id='word_1_141' title='bbox 622 1248 868 1287; x_wconf 86' lang='lat' dir='ltr'>Documento</span> <span class='ocrx_word' id='word_1_142' title='bbox 893 1262 992 1286; x_wconf 88' lang='lat' dir='ltr'>unus</span> <span class='ocrx_word' id='word_1_143' title='bbox 1017 1249 1097 1286; x_wconf 90' lang='lat' dir='ltr'>dies</span> <span class='ocrx_word' id='word_1_144' title='bbox 1122 1250 1255 1295; x_wconf 89' lang='lat' dir='ltr'>fuerat,</span> <span class='ocrx_word' id='word_1_145' title='bbox 1275 1262 1323 1286; x_wconf 88' lang='lat' dir='ltr'>ne</span> <span class='ocrx_word' id='word_1_146' title='bbox 1339 1260 1357 1289; x_wconf 81' lang='lat'>3</span> 
     </span>
     <span class='ocr_line' id='line_1_18' title="bbox 73 1314 1326 1364; baseline 0.001 -14"><span class='ocrx_word' id='word_1_147' title='bbox 73 1325 140 1350; x_wconf 88' lang='lat' dir='ltr'>sua</span> <span class='ocrx_word' id='word_1_148' title='bbox 161 1314 318 1351; x_wconf 88' lang='lat' dir='ltr'>consilia</span> <span class='ocrx_word' id='word_1_149' title='bbox 339 1314 559 1352; x_wconf 87' lang='lat' dir='ltr'>melioribus</span> <span class='ocrx_word' id='word_1_150' title='bbox 579 1314 782 1364; x_wconf 86' lang='lat' dir='ltr'>praeferret</span> <span class='ocrx_word' id='word_1_151' title='bbox 794 1327 803 1360; x_wconf 86' lang='lat'>;</span> <span class='ocrx_word' id='word_1_152' title='bbox 834 1327 905 1352; x_wconf 91' lang='lat' dir='ltr'>nec</span> <span class='ocrx_word' id='word_1_153' title='bbox 929 1322 1058 1352; x_wconf 86' lang='lat' dir='ltr'>tamen</span> <span class='ocrx_word' id='word_1_154' title='bbox 1084 1322 1147 1352; x_wconf 91' lang='lat' dir='ltr'>aut</span> <span class='ocrx_word' id='word_1_155' title='bbox 1173 1315 1243 1364; x_wconf 93' lang='lat' dir='ltr'>ipsi</span> <span class='ocrx_word' id='word_1_156' title='bbox 1263 1323 1326 1352; x_wconf 88' lang='lat' dir='ltr'>aut</span> 
     </span>
     <span class='ocr_line' id='line_1_19' title="bbox 72 1378 1328 1429; baseline 0.001 -14"><span class='ocrx_word' id='word_1_157' title='bbox 72 1378 112 1415; x_wconf 90' lang='lat' dir='ltr'>in</span> <span class='ocrx_word' id='word_1_158' title='bbox 132 1379 299 1416; x_wconf 82' lang='lat' dir='ltr'>exercitu</span> <span class='ocrx_word' id='word_1_159' title='bbox 320 1380 502 1429; x_wconf 89' lang='lat' dir='ltr'>cuiquam</span> <span class='ocrx_word' id='word_1_160' title='bbox 530 1380 620 1417; x_wconf 86' lang='lat' dir='ltr'>satis</span> <span class='ocrx_word' id='word_1_161' title='bbox 648 1380 799 1429; x_wconf 85' lang='lat' dir='ltr'>placato</span> <span class='ocrx_word' id='word_1_162' title='bbox 830 1381 962 1417; x_wconf 88' lang='lat' dir='ltr'>animo</span> <span class='ocrx_word' id='word_1_163' title='bbox 983 1379 1166 1417; x_wconf 90' lang='lat' dir='ltr'>Camillus</span> <span class='ocrx_word' id='word_1_164' title='bbox 1185 1380 1328 1417; x_wconf 90' lang='lat' dir='ltr'>laturus</span> 
     </span>
     <span class='ocr_line' id='line_1_20' title="bbox 74 1443 1329 1495; baseline 0.001 -15"><span class='ocrx_word' id='word_1_165' title='bbox 74 1443 227 1493; x_wconf 89' lang='lat' dir='ltr'>culpam</span> <span class='ocrx_word' id='word_1_166' title='bbox 245 1445 326 1481; x_wconf 90' lang='lat' dir='ltr'>eius</span> <span class='ocrx_word' id='word_1_167' title='bbox 347 1445 554 1491; x_wconf 83' lang='lat' dir='ltr'>videbatur,</span> <span class='ocrx_word' id='word_1_168' title='bbox 572 1458 649 1495; x_wconf 90' lang='lat' dir='ltr'>qua</span> <span class='ocrx_word' id='word_1_169' title='bbox 671 1446 759 1482; x_wconf 91' lang='lat' dir='ltr'>data</span> <span class='ocrx_word' id='word_1_170' title='bbox 778 1446 817 1482; x_wconf 90' lang='lat' dir='ltr'>in</span> <span class='ocrx_word' id='word_1_171' title='bbox 837 1454 916 1483; x_wconf 89' lang='lat' dir='ltr'>tam</span> <span class='ocrx_word' id='word_1_172' title='bbox 932 1446 1181 1495; x_wconf 89' lang='lat' dir='ltr'>praecipitem</span> <span class='ocrx_word' id='word_1_173' title='bbox 1197 1457 1329 1482; x_wconf 86' lang='lat' dir='ltr'>casum</span> 
     </span>
     <span class='ocr_line' id='line_1_21' title="bbox 75 1509 1363 1560; baseline 0.002 -14"><span class='ocrx_word' id='word_1_174' title='bbox 75 1520 135 1546; x_wconf 87' lang='lat' dir='ltr'>res</span> <span class='ocrx_word' id='word_1_175' title='bbox 155 1509 308 1558; x_wconf 87' lang='lat' dir='ltr'>publica</span> <span class='ocrx_word' id='word_1_176' title='bbox 328 1518 425 1547; x_wconf 89' lang='lat' dir='ltr'>esset</span> <span class='ocrx_word' id='word_1_177' title='bbox 441 1523 450 1557; x_wconf 87' lang='lat'>;</span> <span class='ocrx_word' id='word_1_178' title='bbox 481 1518 517 1548; x_wconf 91' lang='lat' dir='ltr'>et</span> <span class='ocrx_word' id='word_1_179' title='bbox 538 1523 658 1560; x_wconf 92' lang='lat' dir='ltr'>quum</span> <span class='ocrx_word' id='word_1_180' title='bbox 684 1511 724 1548; x_wconf 91' lang='lat' dir='ltr'>in</span> <span class='ocrx_word' id='word_1_181' title='bbox 751 1512 930 1556; x_wconf 78' lang='lat' dir='ltr'>exercitu,</span> <span class='ocrx_word' id='word_1_182' title='bbox 952 1518 1034 1547; x_wconf 89' lang='lat' dir='ltr'>tum</span> <span class='ocrx_word' id='word_1_183' title='bbox 1065 1510 1215 1548; x_wconf 86' lang='lat' dir='ltr'>Romae</span> <span class='ocrx_word' id='word_1_184' title='bbox 1236 1523 1329 1547; x_wconf 90' lang='lat' dir='ltr'>con·</span> <span class='ocrx_word' id='word_1_185' title='bbox 1344 1519 1363 1550; x_wconf 83' lang='lat'>4</span> 
     </span>
     <span class='ocr_line' id='line_1_22' title="bbox 75 1575 1333 1626; baseline 0.002 -15"><span class='ocrx_word' id='word_1_186' title='bbox 75 1580 180 1611; x_wconf 87' lang='lat' dir='ltr'>stans</span> <span class='ocrx_word' id='word_1_187' title='bbox 209 1575 385 1613; x_wconf 85' lang='lat' dir='ltr'>omnium</span> <span class='ocrx_word' id='word_1_188' title='bbox 413 1575 514 1613; x_wconf 89' lang='lat' dir='ltr'>fama</span> <span class='ocrx_word' id='word_1_189' title='bbox 544 1583 634 1622; x_wconf 87' lang='lat' dir='ltr'>erat,</span> <span class='ocrx_word' id='word_1_190' title='bbox 665 1588 784 1626; x_wconf 88' lang='lat' dir='ltr'>quum</span> <span class='ocrx_word' id='word_1_191' title='bbox 808 1576 910 1613; x_wconf 76' lang='lat' dir='ltr'>varia</span> <span class='ocrx_word' id='word_1_192' title='bbox 940 1576 1093 1614; x_wconf 85' lang='lat' dir='ltr'>fortuna</span> <span class='ocrx_word' id='word_1_193' title='bbox 1120 1576 1159 1612; x_wconf 91' lang='lat' dir='ltr'>in</span> <span class='ocrx_word' id='word_1_194' title='bbox 1179 1575 1333 1613; x_wconf 83' lang='lat' dir='ltr'>Volscis</span> 
     </span>
     <span class='ocr_line' id='line_1_23' title="bbox 76 1637 1333 1688; baseline 0.002 -15"><span class='ocrx_word' id='word_1_195' title='bbox 76 1642 184 1685; x_wconf 89' lang='lat' dir='ltr'>gesta</span> <span class='ocrx_word' id='word_1_196' title='bbox 216 1649 275 1674; x_wconf 90' lang='lat' dir='ltr'>res</span> <span class='ocrx_word' id='word_1_197' title='bbox 308 1645 420 1684; x_wconf 87' lang='lat' dir='ltr'>esset,</span> <span class='ocrx_word' id='word_1_198' title='bbox 454 1638 633 1675; x_wconf 85' lang='lat' dir='ltr'>adversae</span> <span class='ocrx_word' id='word_1_199' title='bbox 664 1651 816 1688; x_wconf 84' lang='lat' dir='ltr'>pugnae</span> <span class='ocrx_word' id='word_1_200' title='bbox 848 1638 1038 1687; x_wconf 84' lang='lat' dir='ltr'>fugaeque</span> <span class='ocrx_word' id='word_1_201' title='bbox 1071 1638 1111 1674; x_wconf 92' lang='lat' dir='ltr'>in</span> <span class='ocrx_word' id='word_1_202' title='bbox 1141 1637 1185 1676; x_wconf 94' lang='lat' dir='ltr'>L.</span> <span class='ocrx_word' id='word_1_203' title='bbox 1215 1637 1333 1675; x_wconf 87' lang='lat' dir='ltr'>Furio</span> 
     </span>
     <span class='ocr_line' id='line_1_24' title="bbox 78 1700 1334 1753; baseline 0.002 -16"><span class='ocrx_word' id='word_1_204' title='bbox 78 1700 241 1751; x_wconf 88' lang='lat' dir='ltr'>culpam,</span> <span class='ocrx_word' id='word_1_205' title='bbox 274 1703 463 1741; x_wconf 87' lang='lat' dir='ltr'>secundae</span> <span class='ocrx_word' id='word_1_206' title='bbox 502 1703 618 1740; x_wconf 87' lang='lat' dir='ltr'>decus</span> <span class='ocrx_word' id='word_1_207' title='bbox 651 1716 766 1741; x_wconf 91' lang='lat' dir='ltr'>omne</span> <span class='ocrx_word' id='word_1_208' title='bbox 798 1716 917 1753; x_wconf 90' lang='lat' dir='ltr'>penes</span> <span class='ocrx_word' id='word_1_209' title='bbox 951 1702 1007 1740; x_wconf 86' lang='lat' dir='ltr'>M.</span> <span class='ocrx_word' id='word_1_210' title='bbox 1042 1702 1201 1739; x_wconf 87' lang='lat' dir='ltr'>Furium</span> <span class='ocrx_word' id='word_1_211' title='bbox 1239 1714 1334 1739; x_wconf 87' lang='lat' dir='ltr'>esse.</span> 
     </span>
     <span class='ocr_line' id='line_1_25' title="bbox 78 1765 1367 1818; baseline 0.002 -16"><span class='ocrx_word' id='word_1_212' title='bbox 78 1765 311 1804; x_wconf 88' lang='lat' dir='ltr'>Introductis</span> <span class='ocrx_word' id='word_1_213' title='bbox 330 1768 370 1804; x_wconf 92' lang='lat' dir='ltr'>in</span> <span class='ocrx_word' id='word_1_214' title='bbox 391 1776 564 1805; x_wconf 91' lang='lat' dir='ltr'>senatum</span> <span class='ocrx_word' id='word_1_215' title='bbox 585 1769 753 1818; x_wconf 87' lang='lat' dir='ltr'>captivis,</span> <span class='ocrx_word' id='word_1_216' title='bbox 776 1781 896 1818; x_wconf 90' lang='lat' dir='ltr'>quum</span> <span class='ocrx_word' id='word_1_217' title='bbox 922 1768 1025 1806; x_wconf 91' lang='lat' dir='ltr'>bello</span> <span class='ocrx_word' id='word_1_218' title='bbox 1049 1767 1367 1817; x_wconf 68' lang='lat' dir='ltr'>persequendosf,</span> 
     </span>
     <span class='ocr_line' id='line_1_26' title="bbox 79 1829 1337 1883; baseline 0.002 -16"><span class='ocrx_word' id='word_1_219' title='bbox 79 1829 323 1869; x_wconf 87' lang='lat' dir='ltr'>Tusculanos</span> <span class='ocrx_word' id='word_1_220' title='bbox 341 1839 466 1881; x_wconf 88' lang='lat' dir='ltr'>patres</span> <span class='ocrx_word' id='word_1_221' title='bbox 489 1834 724 1871; x_wconf 86' lang='lat' dir='ltr'>censuissent</span> <span class='ocrx_word' id='word_1_222' title='bbox 746 1833 986 1883; x_wconf 88' lang='lat' dir='ltr'>Camilloque</span> <span class='ocrx_word' id='word_1_223' title='bbox 1007 1833 1046 1870; x_wconf 90' lang='lat' dir='ltr'>id</span> <span class='ocrx_word' id='word_1_224' title='bbox 1065 1833 1209 1870; x_wconf 91' lang='lat' dir='ltr'>bellum</span> <span class='ocrx_word' id='word_1_225' title='bbox 1228 1845 1337 1869; x_wconf 89' lang='lat' dir='ltr'>man-</span> 
     </span>
     <span class='ocr_line' id='line_1_27' title="bbox 80 1895 1339 1948; baseline 0.002 -16"><span class='ocrx_word' id='word_1_226' title='bbox 80 1895 246 1942; x_wconf 87' lang='lat' dir='ltr'>dassent,</span> <span class='ocrx_word' id='word_1_227' title='bbox 268 1897 481 1935; x_wconf 86' lang='lat' dir='ltr'>adiutorem</span> <span class='ocrx_word' id='word_1_228' title='bbox 509 1899 580 1936; x_wconf 89' lang='lat' dir='ltr'>sibi</span> <span class='ocrx_word' id='word_1_229' title='bbox 609 1899 659 1936; x_wconf 91' lang='lat' dir='ltr'>ad</span> <span class='ocrx_word' id='word_1_230' title='bbox 685 1911 772 1936; x_wconf 89' lang='lat' dir='ltr'>eam</span> <span class='ocrx_word' id='word_1_231' title='bbox 801 1911 883 1936; x_wconf 88' lang='lat' dir='ltr'>rem</span> <span class='ocrx_word' id='word_1_232' title='bbox 911 1911 1032 1935; x_wconf 91' lang='lat' dir='ltr'>unum</span> <span class='ocrx_word' id='word_1_233' title='bbox 1053 1898 1157 1948; x_wconf 86' lang='lat' dir='ltr'>petit,</span> <span class='ocrx_word' id='word_1_234' title='bbox 1178 1898 1339 1947; x_wconf 90' lang='lat' dir='ltr'>permis-</span> 
     </span>
     <span class='ocr_line' id='line_1_28' title="bbox 82 1962 1339 2013; baseline 0.002 -16"><span class='ocrx_word' id='word_1_235' title='bbox 82 1972 213 2009; x_wconf 87' lang='lat' dir='ltr'>soque,</span> <span class='ocrx_word' id='word_1_236' title='bbox 243 1968 284 1997; x_wconf 86' lang='lat' dir='ltr'>ut</span> <span class='ocrx_word' id='word_1_237' title='bbox 312 1974 361 1999; x_wconf 82' lang='lat' dir='ltr'>ex</span> <span class='ocrx_word' id='word_1_238' title='bbox 391 1962 548 2012; x_wconf 87' lang='lat' dir='ltr'>collegis</span> <span class='ocrx_word' id='word_1_239' title='bbox 577 1971 737 2013; x_wconf 88' lang='lat' dir='ltr'>optaret,</span> <span class='ocrx_word' id='word_1_240' title='bbox 768 1976 885 2013; x_wconf 90' lang='lat' dir='ltr'>quem</span> <span class='ocrx_word' id='word_1_241' title='bbox 913 1963 1036 2009; x_wconf 84' lang='lat' dir='ltr'>vellet,</span> <span class='ocrx_word' id='word_1_242' title='bbox 1068 1970 1203 2001; x_wconf 91' lang='lat' dir='ltr'>contra</span> <span class='ocrx_word' id='word_1_243' title='bbox 1231 1975 1339 2012; x_wconf 88' lang='lat' dir='ltr'>spem</span> 
     </span>
     <span class='ocr_line' id='line_1_29' title="bbox 82 2025 1372 2079; baseline 0.003 -17"><span class='ocrx_word' id='word_1_244' title='bbox 82 2025 260 2063; x_wconf 87' lang='lat' dir='ltr'>omnium</span> <span class='ocrx_word' id='word_1_245' title='bbox 279 2025 323 2063; x_wconf 92' lang='lat' dir='ltr'>L.</span> <span class='ocrx_word' id='word_1_246' title='bbox 344 2026 502 2064; x_wconf 89' lang='lat' dir='ltr'>Furium</span> <span class='ocrx_word' id='word_1_247' title='bbox 521 2029 676 2077; x_wconf 91' lang='lat' dir='ltr'>optavit,</span> <span class='ocrx_word' id='word_1_248' title='bbox 698 2041 774 2078; x_wconf 90' lang='lat' dir='ltr'>qua</span> <span class='ocrx_word' id='word_1_249' title='bbox 800 2029 1063 2066; x_wconf 84' lang='lat' dir='ltr'>moderatione</span> <span class='ocrx_word' id='word_1_250' title='bbox 1084 2029 1202 2066; x_wconf 89' lang='lat' dir='ltr'>animi</span> <span class='ocrx_word' id='word_1_251' title='bbox 1221 2041 1341 2079; x_wconf 90' lang='lat' dir='ltr'>quum</span> <span class='ocrx_word' id='word_1_252' title='bbox 1354 2032 1372 2061; x_wconf 90' lang='grc'>6</span> 
     </span>
     <span class='ocr_line' id='line_1_30' title="bbox 83 2090 1342 2143; baseline 0.001 -14"><span class='ocrx_word' id='word_1_253' title='bbox 83 2090 257 2139; x_wconf 87' lang='lat' dir='ltr'>collegae</span> <span class='ocrx_word' id='word_1_254' title='bbox 294 2090 428 2128; x_wconf 86' lang='lat' dir='ltr'>levavit</span> <span class='ocrx_word' id='word_1_255' title='bbox 465 2092 674 2138; x_wconf 89' lang='lat' dir='ltr'>infamiam,</span> <span class='ocrx_word' id='word_1_256' title='bbox 712 2100 796 2130; x_wconf 90' lang='lat' dir='ltr'>tum</span> <span class='ocrx_word' id='word_1_257' title='bbox 834 2094 905 2131; x_wconf 87' lang='lat' dir='ltr'>sibi</span> <span class='ocrx_word' id='word_1_258' title='bbox 944 2094 1108 2143; x_wconf 88' lang='lat' dir='ltr'>gloriam</span> <span class='ocrx_word' id='word_1_259' title='bbox 1144 2094 1342 2143; x_wconf 89' lang='lat' dir='ltr'>ingentem</span> 
     </span>
    </p>
   </div>
   <div class='ocr_carea' id='block_1_6' title="bbox 83 2154 1343 2276">
    <p class='ocr_par' dir='ltr' id='par_1_7' title="bbox 83 2154 1343 2276">
     <span class='ocr_line' id='line_1_31' title="bbox 83 2154 1343 2209; baseline 0.003 -17"><span class='ocrx_word' id='word_1_260' title='bbox 83 2155 242 2205; x_wconf 88' lang='lat' dir='ltr'>peperit.</span> <span class='ocrx_word' id='word_1_261' title='bbox 297 2154 383 2193; x_wconf 90' lang='lat' dir='ltr'>Nec</span> <span class='ocrx_word' id='word_1_262' title='bbox 421 2155 490 2193; x_wconf 84' lang='lat' dir='ltr'>fuit</span> <span class='ocrx_word' id='word_1_263' title='bbox 521 2169 609 2194; x_wconf 93' lang='lat' dir='ltr'>cum</span> <span class='ocrx_word' id='word_1_264' title='bbox 642 2157 875 2196; x_wconf 90' lang='lat' dir='ltr'>Tusculanis</span> <span class='ocrx_word' id='word_1_265' title='bbox 912 2159 1078 2206; x_wconf 78' lang='lat' dir='ltr'>bellum3</span> <span class='ocrx_word' id='word_1_266' title='bbox 1122 2171 1217 2209; x_wconf 84' lang='lat' dir='ltr'>pace</span> <span class='ocrx_word' id='word_1_267' title='bbox 1250 2170 1343 2195; x_wconf 88' lang='lat' dir='ltr'>con-</span> 
     </span>
     <span class='ocr_line' id='line_1_32' title="bbox 85 2219 1343 2276; baseline 0.001 -17"><span class='ocrx_word' id='word_1_268' title='bbox 85 2220 200 2259; x_wconf 87' lang='lat' dir='ltr'>stanti</span> <span class='ocrx_word' id='word_1_269' title='bbox 219 2220 297 2257; x_wconf 91' lang='lat' dir='ltr'>vim</span> <span class='ocrx_word' id='word_1_270' title='bbox 317 2219 539 2259; x_wconf 86' lang='lat' dir='ltr'>Romanam</span> <span class='ocrx_word' id='word_1_271' title='bbox 556 2230 769 2270; x_wconf 85' lang='lat' dir='ltr'>arcuerunt,</span> <span class='ocrx_word' id='word_1_272' title='bbox 790 2236 908 2276; x_wconf 89' lang='lat' dir='ltr'>quam</span> <span class='ocrx_word' id='word_1_273' title='bbox 928 2225 1043 2263; x_wconf 88' lang='lat' dir='ltr'>armis</span> <span class='ocrx_word' id='word_1_274' title='bbox 1059 2236 1140 2263; x_wconf 87' lang='lat' dir='ltr'>non</span> <span class='ocrx_word' id='word_1_275' title='bbox 1155 2231 1343 2276; x_wconf 85' lang='lat' dir='ltr'>poterant.</span> 
     </span>
    </p>
   </div>
  </div>
 </body>
</html>
