1637 2554
427 135 528 167 THE
563 135 718 168 GAL'LS
744 136 809 168 IN
830 135 995 168 ITALY.
1288 138 1337 181 79

77 241 186 280 tertia
214 247 281 286 est,
302 253 420 290 penes
449 241 638 291 Bituriges
667 253 817 279 summa
846 241 991 291 imperii
1022 240 1113 287 fuit;
1153 241 1176 278 ii
1206 253 1334 290 regem
1351 251 1432 278 nc.
1452 251 1542 279 391.

78 306 225 344 Celtico
266 306 419 343 dabant.
474 307 703 356 Ambigatus
746 307 778 344 is
823 306 900 352 suit,
934 307 1068 344 virtute
1107 305 1367 356 fortunaque?-

78 383 196 421 quum
223 383 301 417 sua,
319 378 401 408 tum
425 371 577 420 publica
604 371 857 421 praepollens,
878 371 984 420 quod
1005 371 1044 408 in
1071 371 1230 420 imperio
1256 371 1337 408 eius

77 435 204 473 Gallia
223 436 321 474 adeo
341 435 493 486 frugum
514 437 790 486 hominumque
812 437 941 474 fertilis
968 436 1047 481 suit,
1067 444 1108 473 ut
1135 435 1336 473 abundans

76 501 278 539 multitudo
315 501 376 538 vix
417 501 495 550 regi
526 501 714 539 videretur
752 514 876 551 posse.
947 501 1023 539 Hic
1061 513 1205 550 magno
1243 508 1366 537 natu3

75 567 157 615 ipse
186 566 274 612 iam,
295 578 503 604 exonerare
532 574 805 616 praegravante
836 567 944 604 turba
974 578 1136 616 regnum
1165 567 1335 615 cupiens,

76 630 317 669 Bellovesum
337 643 380 668 ac
402 630 648 680 Segovesum,
671 632 810 669 sororis
832 632 940 677 filios,
957 632 1142 681 impigros
1169 632 1335 676 iuvenes,

76 697 280 734 missurum
310 709 349 734 se
380 709 474 741 esse,
505 698 544 734 in
578 709 672 746 quas
708 697 758 734 dii
791 698 982 735 dedissent
1013 697 1180 746 auguriis
1213 697 1334 737 sedes.

76 762 262 800 ostendit:
307 770 495 812 quantum
529 763 600 811 ipsi
633 762 781 807 vellent,
808 774 1009 800 numerum
1038 762 1238 800 hominum
1267 770 1364 800 tex-4

77 828 205 874 cirent,
225 840 273 866 ne
293 839 369 877 qua
395 840 490 876 gens
517 839 643 864 arcere
671 827 915 865 advenientes
941 835 1081 876 posset.
1139 827 1242 864 Tum
1265 827 1332 865 Se-

75 905 216 942 goveso
236 894 398 931 sortibus
417 893 494 930 dati
515 893 697 941 Hercynii
719 893 856 938 saltus;
887 893 1085 931 Belloveso
1099 892 1201 930 haud
1216 893 1332 943 paulo

75 959 271 997 laetiorem
308 960 347 996 in
388 959 536 996 Italiam
570 959 668 995 viam
707 959 743 995 di
778 959 933 996 dabant.
991 959 1040 1005 Is,
1072 959 1178 1008 quod
1211 972 1231 996 e
1266 967 1364 997 sex5

75 1025 226 1075 populis
245 1024 476 1069 abundabat,
497 1023 695 1072 Bituriges,
710 1024 912 1069 Arvernos,
928 1024 1096 1070 Aeduos,
1111 1024 1333 1070 Ambarros,

75 1089 274 1135 Carnutes,
293 1089 478 1127 Aulercos
503 1090 648 1127 excivit.
706 1088 902 1127 Profectus
928 1090 1144 1138 ingentibus
1163 1090 1332 1139 pediturn

52 1156 322 1206 'equitumque
351 1157 469 1205 copiis
498 1156 536 1192 in
565 1155 801 1193 Tricastinos
830 1155 941 1192 venit.
999 1155 1116 1205 Alpes
1145 1155 1233 1193 inde
1262 1168 1363 1205 op-6

74 1221 220 1270 positae
249 1228 380 1267 erant3
420 1233 515 1270 quas
544 1220 867 1269 inexsuperabiles
895 1221 995 1258 visas
1024 1220 1127 1257 haud
1155 1221 1332 1270 equidem

74 1286 201 1331 miror,
222 1286 417 1323 nulladum
437 1287 508 1331 via,
529 1286 634 1336 quod
660 1286 813 1335 quidem
841 1286 1040 1323 continens
1065 1287 1250 1323 memoria
1276 1287 1332 1330 sit,

74 1351 146 1388 nisi
167 1351 214 1388 de
235 1351 403 1389 Hercule
423 1351 559 1389 sabulis
579 1351 731 1388 credere
759 1351 857 1395 libet,
879 1358 1086 1400 superatas.
1134 1351 1191 1388 Ibi
1212 1363 1330 1401 quum
1348 1359 1364 1391 7

74 1416 171 1453 velut
209 1424 362 1466 saeptos
400 1417 589 1454 montium
628 1416 785 1453 altitudo
819 1422 961 1453 teneret
1000 1415 1143 1461 Gallos,
1170 1417 1331 1454 circum-

75 1489 376 1532 spectarentque,
407 1494 576 1531 quanam
608 1494 676 1530 per
709 1482 836 1518 iuncta
875 1481 984 1518 caelo
1017 1481 1106 1530 iuga
1139 1482 1177 1518 in
1215 1482 1332 1519 alium

74 1547 208 1584 orbem
252 1554 437 1584 terrarum
481 1548 694 1592 transirent,
734 1547 867 1595 religio
904 1547 1018 1584 etiam
1063 1547 1194 1593 tenuit,
1228 1548 1334 1596 quod

73 1611 228 1649 allatum
257 1619 324 1656 est,
345 1612 510 1650 advenas
539 1619 765 1662 quaerentes
792 1624 926 1661 agrum
953 1612 1002 1648 ab
1033 1611 1187 1661 Salyum
1217 1622 1333 1661 gente

74 1678 301 1726 oppugnari.
358 1677 618 1715 Massilienses
639 1685 745 1714 erant
765 1677 800 1722 ii,
821 1677 980 1714 navibus
1003 1689 1026 1714 a
1046 1676 1224 1714 Phocaea
1243 1690 1332 1727 pro-
1346 1683 1364 1713 8

71 1741 169 1779 fecti.
225 1742 272 1779 Id
309 1741 410 1780 Galli
448 1741 623 1780 fortunae
662 1754 753 1779 suae
791 1754 906 1780 omen
944 1743 1024 1787 rati,
1058 1743 1246 1787 adiuvere,
1281 1752 1332 1787 ut,

73 1819 188 1857 quem
225 1808 391 1857 primum
428 1808 468 1844 in
505 1815 644 1845 terram
688 1808 830 1857 egressi
873 1816 1150 1857 occupaverant
1190 1807 1330 1853 locum,

72 1872 302 1921 patientibus
331 1871 463 1921 Salyis,
484 1873 778 1911 communirent.
837 1873 916 1922 Ipsi
942 1886 1011 1922 per
1035 1873 1228 1910 Taurinos
1258 1872 1330 1910 sal-

72 1943 209 1986 tusque
228 1936 371 1974 Duriae
392 1937 510 1986 Alpes
526 1925 1067 1990 traggcenderuntssfusisque
1088 1939 1167 1975 acie
1189 1937 1330 1974 Tuscis
1343 1951 1362 1980 9

72 2000 175 2038 haud
202 2002 335 2051 procul
363 2002 506 2040 Ticino
534 2002 701 2048 flumine,
726 2015 856 2052 quum,
884 2004 924 2040 in
957 2015 1035 2052 quo
1066 2003 1330 2047 consederant,

72 2078 208 2116 agrum
239 2066 459 2104 Insubrium
497 2068 677 2117 appellari
715 2069 919 2114 audissent,
953 2069 1227 2118 cognominem
1264 2068 1331 2105 In-

73 2131 258 2178 subribus,
281 2144 384 2182 pago
412 2133 646 2179 Aeduorum,
667 2133 719 2170 ibi
749 2146 864 2171 omen
895 2142 1101 2184 sequentes
1132 2134 1206 2172 loci
1237 2146 1332 2172 con-

72 2196 200 2235 didere
219 2198 376 2245 urbem,
406 2197 687 2236 Mediolanium
706 2198 955 2248 appellarunt.
