1637 2554
342 111 608 143 TUSCULUM
631 113 756 144 LOST
779 113 888 144 AND
925 113 1045 145 WOA'.
1246 116 1320 159 151

74 218 244 256 Antiates
266 217 352 256 victi
376 217 483 255 malis
507 219 728 268 subactique
752 219 863 265 bello,
888 220 926 256 in
954 233 1031 270 quo
1055 227 1090 258 ct
1118 221 1194 257 nati
1218 228 1323 258 erant
1337 234 1419 262 ac.
1438 233 1528 265 3⁷⁸7,

73 291 109 320 et
129 291 416 328 consenuerant,
438 283 670 321 deditionem
691 291 913 333 spectarent,
934 285 1093 323 Latinos
1113 298 1159 322 ex
1181 285 1356 322 diutina2

74 361 167 398 pace
187 361 286 387 nova
309 349 471 387 defectio
496 350 710 386 recentibus
734 349 858 387 adhuc
883 351 1021 388 animis
1048 351 1250 389 ferociores
1277 350 1326 387 ad

74 415 389 464 perseverandum
426 415 465 451 in
503 414 604 452 bello
643 414 794 452 faceret.
852 415 956 453 Finis
996 417 1212 454 certaminis
1246 416 1325 461 fuit,

74 487 281 530 postquam
310 480 477 529 utrisque
507 480 691 529 apparuit,
721 480 813 516 nihil
843 493 909 530 per
938 481 1077 519 alteros
1107 489 1217 527 stare,
1249 494 1325 531 quo

74 546 199 582 minus
219 546 369 594 incepta
388 553 714 594 persequerentur.
773 545 899 583 Latini
921 546 1123 596 profecti-a
1147 547 1324 585 societate
1338 554 1356 583 3

74 611 189 659 pacis,
205 617 245 647 ut
264 610 453 654 rebantur,
470 609 693 647 inhonestae
709 622 791 647 sese
807 611 1111 658 vindicaverunt;
1141 612 1324 656 Antiates,

74 674 326 713 incommodis
342 674 487 711 arbitris
502 674 723 712 salutarium
744 676 988 712 consiliorum
1009 677 1174 721 remotis,
1191 678 1325 714 urbem

74 752 263 789 agrosque
285 740 472 777 Romanis
491 739 645 776 dedunt.
703 740 765 777 Ira
784 747 820 778 et
839 741 962 778 rabies
982 740 1215 787 Latinorum,
1237 742 1324 791 quia
1339 746 1357 775 4

74 818 144 843 nec
167 805 368 842 Romanos
387 805 486 842 bello
510 805 659 842 laedere
684 818 755 843 nec
774 805 938 844 Volscos
964 806 1003 842 in
1027 807 1141 843 armis
1164 807 1323 844 retinere

74 877 285 920 potuerant,
318 882 364 908 eo
392 870 524 919 erupit,
554 877 594 907 ut
630 870 817 907 Satricum
849 872 995 917 urbem,
1026 884 1122 921 quae
1157 879 1324 921 recepta-

74 935 202 973 culum
230 936 394 985 primum
423 936 478 972 eis
507 935 687 973 adversae
716 948 867 985 pugnae
898 936 1029 983 fuerat,
1059 937 1137 986 igni
1167 950 1325 975 concre-

74 1007 229 1038 marent.
286 1001 369 1038 Nec
401 1000 502 1037 aliud
539 1007 683 1038 tectum
721 1002 800 1039 eius
839 1001 1018 1051 superfuit
1056 1002 1171 1048 urbis,
1206 1015 1325 1052 quum

74 1065 178 1110 faces
207 1066 344 1115 pariter
378 1066 493 1103 sacris
526 1065 772 1116 profanisque
806 1066 1014 1113 iniicerent,
1046 1079 1162 1117 quam
1195 1068 1325 1104 matris

75 1122 245 1168 'Matutae
260 1130 465 1180 templum;
495 1131 584 1168 inde
604 1143 670 1169 eos
689 1143 760 1169 nec
781 1143 849 1169 sua
864 1132 995 1181 religio
1011 1144 1082 1169 nec
1097 1132 1325 1170 verecundia
1337 1142 1355 1172 5

73 1196 188 1234 deum
208 1197 371 1234 arcuisse
391 1196 536 1242 dicitur,
559 1196 625 1233 sed
645 1209 719 1234 vox
741 1196 934 1234 horrenda
953 1197 1054 1234 edita
1073 1197 1216 1247 templo
1236 1210 1325 1235 cum

73 1263 240 1299 tristibus
258 1262 381 1307 minis,
403 1262 442 1298 ni
468 1261 655 1299 nefandos
681 1263 788 1311 ignes
813 1262 945 1312 procul
971 1262 1137 1300 delubris
1161 1263 1324 1300 amovis-

75 1334 166 1365 sent.
227 1327 412 1365 Incensos
435 1339 479 1365 ea
498 1328 602 1365 rabie
621 1328 783 1377 impetus
803 1327 1019 1365 Tusculum
1039 1328 1121 1365 tulit
1141 1329 1193 1366 ob
1215 1329 1322 1375 iram,
1339 1338 1356 1366 6

75 1393 179 1442 quod
212 1393 360 1430 deserto
393 1393 588 1430 communi
622 1393 784 1431 concilio
815 1392 1042 1430 Latinorum
1076 1406 1156 1431 non
1190 1394 1229 1431 in
1264 1406 1325 1432 so-

74 1459 246 1496 cietatem
283 1458 402 1495 modo
441 1457 671 1503 Romanam,
711 1458 778 1495 sed
820 1458 935 1495 etiam
981 1459 1020 1494 in
1059 1459 1247 1496 civitatem
1286 1472 1324 1497 se

75 1523 274 1561 dedissent.
332 1523 550 1561 Patentibus
575 1524 691 1572 portis
718 1535 836 1572 quum
862 1524 1067 1572 improviso
1092 1524 1323 1569 incidissent,
1341 1536 1358 1568 7

74 1588 198 1637 primo
226 1587 392 1626 clamore
421 1588 605 1637 oppidum
633 1596 781 1638 praeter
811 1600 940 1625 arcem
970 1595 1127 1638 captum
1154 1596 1220 1626 est.
1278 1589 1324 1626 In

75 1664 201 1690 arcem
247 1653 428 1702 oppidani
469 1653 639 1702 refugere
686 1665 774 1690 curn
821 1654 1048 1702 coniugibus
1095 1666 1140 1691 ac
1187 1654 1324 1700 liberis,

75 1718 304 1768 nuntiosque
333 1718 515 1764 Romam,
541 1719 605 1768 qui
635 1718 834 1756 certiorem
861 1718 908 1755 de
935 1731 1005 1756 suo
1033 1731 1124 1755 casu
1151 1726 1324 1756 senatum

75 1782 250 1827 facerent,
262 1783 408 1821 misere.
457 1783 577 1820 Haud
597 1784 761 1833 segnius,
777 1795 895 1833 quam
914 1783 988 1821 fide
1008 1784 1139 1832 populi
1156 1783 1325 1821 Romani
1339 1789 1357 1818 8

75 1848 235 1907 dignum
257 1848 335 1894 fuit,
356 1849 545 1886 exercitus
568 1848 785 1886 Tusculum
809 1849 943 1886 ductus
955 1861 964 1894 ;
995 1848 1039 1885 L.
1060 1848 1264 1894 Quinctius
1290 1856 1325 1886 et

77 1912 156 1950 Ser.
196 1912 382 1963 Sulpicius
419 1914 559 1951 tribuni
597 1914 759 1950 militum
793 1913 944 1951 duxere.
1003 1913 1163 1951 Clausas
1196 1921 1357 1963 portas9

77 1974 286 2031 [Tusculi],
325 1978 560 2028 Latinosque
594 1979 705 2016 simul
743 1979 1001 2016 obsidentium
1040 1986 1155 2028 atque
1194 1980 1324 2017 obses-

75 2055 205 2081 sorum
241 2043 370 2081 animo
408 2043 498 2081 hinc
535 2044 688 2081 moenia
726 2043 882 2080 Tusculi
919 2044 1014 2081 tueri
1047 2043 1187 2089 vident,
1222 2044 1324 2081 illinc

75 2120 204 2146 arcem
250 2121 483 2158 oppugnare,
521 2115 657 2146 terrere
699 2121 777 2145 una
824 2121 869 2146 ac
911 2121 1060 2158 pavere.
1128 2108 1325 2147 Adventus
1340 2118 1380 2147 10

77 2172 344 2211 Romanorum
369 2181 578 2211 mutaverat
602 2174 799 2224 utriusque
823 2174 939 2223 partis
962 2174 1138 2211 animos:
1175 2174 1325 2212 Tuscu—

76 2238 186 2276 lanos
203 2251 250 2276 ex
269 2239 413 2289 ingenti
437 2246 543 2277 metu
566 2239 605 2276 in
628 2251 819 2276 summam
838 2239 1082 2285 alacritatem,
1102 2239 1260 2278 Latinos
1280 2252 1327 2278 ex
