<?xml version="1.0" encoding="UTF-8"?>
<!DOCTYPE html PUBLIC "-//W3C//DTD XHTML 1.0 Transitional//EN"
    "http://www.w3.org/TR/xhtml1/DTD/xhtml1-transitional.dtd">
<html xmlns="http://www.w3.org/1999/xhtml" xml:lang="en" lang="en">
 <head>
  <title>
</title>
<meta http-equiv="Content-Type" content="text/html;charset=utf-8" />
  <meta name='ocr-system' content='tesseract 3.04.00' />
  <meta name='ocr-capabilities' content='ocr_page ocr_carea ocr_par ocr_line ocrx_word'/>
</head>
<body>
  <div class='ocr_page' id='page_1' title='image "./booksvvivii00livyuoft_0072.png"; bbox 0 0 1670 2532; ppageno 0'>
   <div class='ocr_carea' id='block_1_1' title="bbox 294 139 1198 192">
    <p class='ocr_par' dir='ltr' id='par_1_1' title="bbox 294 139 1198 192">
     <span class='ocr_line' id='line_1_1' title="bbox 294 139 1198 192; baseline 0 -13"><span class='ocrx_word' id='word_1_1' title='bbox 294 147 351 192; x_wconf 84' lang='lat'>54</span> <span class='ocrx_word' id='word_1_2' title='bbox 657 147 786 188; x_wconf 64' lang='lat' dir='ltr'>LJVY,</span> <span class='ocrx_word' id='word_1_3' title='bbox 817 148 953 180; x_wconf 81' lang='lat' dir='ltr'><em>BOOK</em></span> <span class='ocrx_word' id='word_1_4' title='bbox 976 148 1014 179; x_wconf 87' lang='lat' dir='ltr'>V.</span> <span class='ocrx_word' id='word_1_5' title='bbox 1046 147 1110 192; x_wconf 85' lang='lat'>15,</span> <span class='ocrx_word' id='word_1_6' title='bbox 1135 139 1198 179; x_wconf 89' lang='lat'>16.</span> 
     </span>
    </p>
   </div>
   <div class='ocr_carea' id='block_1_2' title="bbox 78 251 1552 1933">
    <p class='ocr_par' dir='ltr' id='par_1_2' title="bbox 78 251 1552 1933">
     <span class='ocr_line' id='line_1_2' title="bbox 78 251 1550 302; baseline 0.001 -15"><span class='ocrx_word' id='word_1_7' title='bbox 78 257 162 288; x_wconf 59' lang='lat' dir='ltr'>nc.</span> <span class='ocrx_word' id='word_1_8' title='bbox 177 258 268 288; x_wconf 77' lang='grc'>398.</span> <span class='ocrx_word' id='word_1_9' title='bbox 295 259 361 297; x_wconf 90' lang='lat' dir='ltr'>est,</span> <span class='ocrx_word' id='word_1_10' title='bbox 377 251 501 290; x_wconf 91' lang='lat' dir='ltr'>donec</span> <span class='ocrx_word' id='word_1_11' title='bbox 521 264 620 290; x_wconf 90' lang='lat' dir='ltr'>unus</span> <span class='ocrx_word' id='word_1_12' title='bbox 635 265 682 290; x_wconf 82' lang='lat' dir='ltr'>ex</span> <span class='ocrx_word' id='word_1_13' title='bbox 697 253 858 290; x_wconf 84' lang='lat' dir='ltr'>statione</span> <span class='ocrx_word' id='word_1_14' title='bbox 875 252 1055 290; x_wconf 89' lang='lat' dir='ltr'>Romana</span> <span class='ocrx_word' id='word_1_15' title='bbox 1071 259 1315 302; x_wconf 81' lang='lat' dir='ltr'>percontatus</span> <span class='ocrx_word' id='word_1_16' title='bbox 1333 251 1550 302; x_wconf 89' lang='lat' dir='ltr'>proximum</span> 
     </span>
     <span class='ocr_line' id='line_1_3' title="bbox 297 317 1552 367; baseline -0.001 -13"><span class='ocrx_word' id='word_1_17' title='bbox 297 317 591 367; x_wconf 83' lang='lat' dir='ltr'>oppidanorum,</span> <span class='ocrx_word' id='word_1_18' title='bbox 622 319 696 354; x_wconf 89' lang='lat' dir='ltr'>iam</span> <span class='ocrx_word' id='word_1_19' title='bbox 736 331 802 367; x_wconf 86' lang='lat' dir='ltr'>per</span> <span class='ocrx_word' id='word_1_20' title='bbox 835 318 1152 367; x_wconf 82' lang='lat' dir='ltr'>longinquitatem</span> <span class='ocrx_word' id='word_1_21' title='bbox 1192 317 1279 355; x_wconf 87' lang='lat' dir='ltr'>belli</span> <span class='ocrx_word' id='word_1_22' title='bbox 1316 317 1552 354; x_wconf 90' lang='lat' dir='ltr'>commercio</span> 
     </span>
     <span class='ocr_line' id='line_1_4' title="bbox 267 381 1551 432; baseline -0.001 -12"><span class='ocrx_word' id='word_1_23' title='bbox 267 391 518 422; x_wconf 78' lang='lat' dir='ltr'>esermonum</span> <span class='ocrx_word' id='word_1_24' title='bbox 552 382 666 428; x_wconf 86' lang='lat' dir='ltr'>facto,</span> <span class='ocrx_word' id='word_1_25' title='bbox 687 384 864 432; x_wconf 86' lang='lat' dir='ltr'>quisnam</span> <span class='ocrx_word' id='word_1_26' title='bbox 896 384 926 419; x_wconf 88' lang='lat' dir='ltr'>is</span> <span class='ocrx_word' id='word_1_27' title='bbox 957 390 1066 428; x_wconf 89' lang='lat' dir='ltr'>esset,</span> <span class='ocrx_word' id='word_1_28' title='bbox 1093 383 1158 432; x_wconf 91' lang='lat' dir='ltr'>qui</span> <span class='ocrx_word' id='word_1_29' title='bbox 1190 395 1257 432; x_wconf 89' lang='lat' dir='ltr'>per</span> <span class='ocrx_word' id='word_1_30' title='bbox 1289 383 1472 431; x_wconf 80' lang='lat' dir='ltr'>ambages</span> <span class='ocrx_word' id='word_1_31' title='bbox 1504 381 1551 418; x_wconf 90' lang='lat' dir='ltr'>de</span> 
     </span>
     <span class='ocr_line' id='line_1_5' title="bbox 295 447 1551 497; baseline 0 -13"><span class='ocrx_word' id='word_1_32' title='bbox 295 447 379 485; x_wconf 89' lang='lat' dir='ltr'>lacu</span> <span class='ocrx_word' id='word_1_33' title='bbox 410 447 563 485; x_wconf 86' lang='lat' dir='ltr'>Albano</span> <span class='ocrx_word' id='word_1_34' title='bbox 591 448 741 493; x_wconf 89' lang='lat' dir='ltr'>iaceret,</span> <span class='ocrx_word' id='word_1_35' title='bbox 771 455 975 497; x_wconf 84' lang='lat' dir='ltr'>postquam</span> <span class='ocrx_word' id='word_1_36' title='bbox 1003 448 1155 492; x_wconf 81' lang='lat' dir='ltr'>audivit,</span> <span class='ocrx_word' id='word_1_37' title='bbox 1181 447 1421 497; x_wconf 80' lang='lat' dir='ltr'>haruspicem</span> <span class='ocrx_word' id='word_1_38' title='bbox 1454 459 1551 492; x_wconf 87' lang='lat' dir='ltr'>esse,</span> 
     </span>
     <span class='ocr_line' id='line_1_6' title="bbox 295 512 1551 562; baseline 0 -14"><span class='ocrx_word' id='word_1_39' title='bbox 295 513 349 549; x_wconf 92' lang='lat' dir='ltr'>vir</span> <span class='ocrx_word' id='word_1_40' title='bbox 371 512 474 550; x_wconf 84' lang='lat' dir='ltr'>haud</span> <span class='ocrx_word' id='word_1_41' title='bbox 503 513 632 550; x_wconf 85' lang='lat' dir='ltr'>intacti</span> <span class='ocrx_word' id='word_1_42' title='bbox 657 513 837 561; x_wconf 84' lang='lat' dir='ltr'>religione</span> <span class='ocrx_word' id='word_1_43' title='bbox 867 514 994 558; x_wconf 88' lang='lat' dir='ltr'>animi,</span> <span class='ocrx_word' id='word_1_44' title='bbox 1016 521 1194 551; x_wconf 79' lang='lat' dir='ltr'>causatus</span> <span class='ocrx_word' id='word_1_45' title='bbox 1224 513 1271 550; x_wconf 88' lang='lat' dir='ltr'>de</span> <span class='ocrx_word' id='word_1_46' title='bbox 1300 512 1435 562; x_wconf 85' lang='lat' dir='ltr'>privati</span> <span class='ocrx_word' id='word_1_47' title='bbox 1463 523 1551 562; x_wconf 89' lang='lat' dir='ltr'>por-</span> 
     </span>
     <span class='ocr_line' id='line_1_7' title="bbox 295 576 1552 627; baseline -0.001 -12"><span class='ocrx_word' id='word_1_48' title='bbox 295 578 389 615; x_wconf 88' lang='lat' dir='ltr'>tenti</span> <span class='ocrx_word' id='word_1_49' title='bbox 415 578 692 627; x_wconf 84' lang='lat' dir='ltr'>procuratione.</span> <span class='ocrx_word' id='word_1_50' title='bbox 713 579 743 615; x_wconf 85' lang='lat' dir='ltr'>si</span> <span class='ocrx_word' id='word_1_51' title='bbox 773 590 910 627; x_wconf 87' lang='lat' dir='ltr'>operae</span> <span class='ocrx_word' id='word_1_52' title='bbox 938 578 989 615; x_wconf 90' lang='lat' dir='ltr'>illi</span> <span class='ocrx_word' id='word_1_53' title='bbox 1018 586 1128 624; x_wconf 85' lang='lat' dir='ltr'>esset,</span> <span class='ocrx_word' id='word_1_54' title='bbox 1149 578 1346 616; x_wconf 87' lang='lat' dir='ltr'>consulere</span> <span class='ocrx_word' id='word_1_55' title='bbox 1376 577 1482 623; x_wconf 90' lang='lat' dir='ltr'>velle,</span> <span class='ocrx_word' id='word_1_56' title='bbox 1503 576 1552 614; x_wconf 90' lang='lat' dir='ltr'>ad</span> 
     </span>
     <span class='ocr_line' id='line_1_8' title="bbox 267 642 1552 693; baseline -0.002 -13"><span class='ocrx_word' id='word_1_57' title='bbox 267 643 530 692; x_wconf 84' lang='lat' dir='ltr'>7colloquium</span> <span class='ocrx_word' id='word_1_58' title='bbox 560 651 685 679; x_wconf 82' lang='lat' dir='ltr'>vatem</span> <span class='ocrx_word' id='word_1_59' title='bbox 717 643 851 680; x_wconf 90' lang='lat' dir='ltr'>elicuit.</span> <span class='ocrx_word' id='word_1_60' title='bbox 911 642 1120 692; x_wconf 87' lang='lat' dir='ltr'>Quumque</span> <span class='ocrx_word' id='word_1_61' title='bbox 1158 643 1350 693; x_wconf 79' lang='lat' dir='ltr'>progressi</span> <span class='ocrx_word' id='word_1_62' title='bbox 1382 643 1499 679; x_wconf 87' lang='lat' dir='ltr'>ambo</span> <span class='ocrx_word' id='word_1_63' title='bbox 1529 654 1552 678; x_wconf 89' lang='lat' dir='ltr'>a</span> 
     </span>
     <span class='ocr_line' id='line_1_9' title="bbox 297 707 1552 758; baseline -0.001 -12"><span class='ocrx_word' id='word_1_64' title='bbox 297 709 374 746; x_wconf 90' lang='lat' dir='ltr'>suis</span> <span class='ocrx_word' id='word_1_65' title='bbox 407 709 560 757; x_wconf 85' lang='lat' dir='ltr'>longius</span> <span class='ocrx_word' id='word_1_66' title='bbox 593 715 718 746; x_wconf 81' lang='lat' dir='ltr'>essent</span> <span class='ocrx_word' id='word_1_67' title='bbox 753 710 917 747; x_wconf 90' lang='lat' dir='ltr'>inermes</span> <span class='ocrx_word' id='word_1_68' title='bbox 955 710 1035 747; x_wconf 90' lang='lat' dir='ltr'>sine</span> <span class='ocrx_word' id='word_1_69' title='bbox 1073 710 1151 747; x_wconf 94' lang='lat' dir='ltr'>ullo</span> <span class='ocrx_word' id='word_1_70' title='bbox 1185 717 1299 755; x_wconf 88' lang='lat' dir='ltr'>metu,</span> <span class='ocrx_word' id='word_1_71' title='bbox 1330 707 1552 758; x_wconf 90' lang='lat' dir='ltr'>praevalens</span> 
     </span>
     <span class='ocr_line' id='line_1_10' title="bbox 295 773 1551 823; baseline 0 -13"><span class='ocrx_word' id='word_1_72' title='bbox 295 775 439 811; x_wconf 85' lang='lat' dir='ltr'>iuvenis</span> <span class='ocrx_word' id='word_1_73' title='bbox 465 773 668 811; x_wconf 89' lang='lat' dir='ltr'>Romanus</span> <span class='ocrx_word' id='word_1_74' title='bbox 697 786 828 811; x_wconf 88' lang='lat' dir='ltr'>senem</span> <span class='ocrx_word' id='word_1_75' title='bbox 855 774 1047 811; x_wconf 85' lang='lat' dir='ltr'>infirmum</span> <span class='ocrx_word' id='word_1_76' title='bbox 1075 775 1114 811; x_wconf 90' lang='lat' dir='ltr'>in</span> <span class='ocrx_word' id='word_1_77' title='bbox 1141 782 1350 823; x_wconf 86' lang='lat' dir='ltr'>conspectu</span> <span class='ocrx_word' id='word_1_78' title='bbox 1375 773 1551 811; x_wconf 88' lang='lat' dir='ltr'>omnium</span> 
     </span>
     <span class='ocr_line' id='line_1_11' title="bbox 296 838 1552 889; baseline 0 -13"><span class='ocrx_word' id='word_1_79' title='bbox 296 846 459 889; x_wconf 87' lang='lat' dir='ltr'>raptum,</span> <span class='ocrx_word' id='word_1_80' title='bbox 497 840 756 888; x_wconf 87' lang='lat' dir='ltr'>nequicquam</span> <span class='ocrx_word' id='word_1_81' title='bbox 800 839 1115 877; x_wconf 86' lang='lat' dir='ltr'>tumultuantibus</span> <span class='ocrx_word' id='word_1_82' title='bbox 1151 839 1330 884; x_wconf 85' lang='lat' dir='ltr'>Etruscis,</span> <span class='ocrx_word' id='word_1_83' title='bbox 1369 838 1418 876; x_wconf 93' lang='lat' dir='ltr'>ad</span> <span class='ocrx_word' id='word_1_84' title='bbox 1462 850 1552 876; x_wconf 88' lang='lat' dir='ltr'>suos</span> 
     </span>
     <span class='ocr_line' id='line_1_12' title="bbox 266 902 1552 953; baseline -0.001 -12"><span class='ocrx_word' id='word_1_85' title='bbox 266 904 496 941; x_wconf 76' lang='lat' dir='ltr'>stranstulit.</span> <span class='ocrx_word' id='word_1_86' title='bbox 555 903 633 949; x_wconf 88' lang='lat' dir='ltr'>Qui</span> <span class='ocrx_word' id='word_1_87' title='bbox 664 916 785 953; x_wconf 92' lang='lat' dir='ltr'>quum</span> <span class='ocrx_word' id='word_1_88' title='bbox 822 904 1025 953; x_wconf 86' lang='lat' dir='ltr'>perductus</span> <span class='ocrx_word' id='word_1_89' title='bbox 1063 905 1112 942; x_wconf 88' lang='lat' dir='ltr'>ad</span> <span class='ocrx_word' id='word_1_90' title='bbox 1149 905 1430 953; x_wconf 86' lang='lat' dir='ltr'>imperatorem,</span> <span class='ocrx_word' id='word_1_91' title='bbox 1463 902 1552 940; x_wconf 89' lang='lat' dir='ltr'>inde</span> 
     </span>
     <span class='ocr_line' id='line_1_13' title="bbox 298 967 1551 1018; baseline -0.002 -12"><span class='ocrx_word' id='word_1_92' title='bbox 298 969 467 1007; x_wconf 90' lang='lat' dir='ltr'>Romam</span> <span class='ocrx_word' id='word_1_93' title='bbox 490 967 540 1005; x_wconf 87' lang='lat' dir='ltr'>ad</span> <span class='ocrx_word' id='word_1_94' title='bbox 567 975 742 1005; x_wconf 90' lang='lat' dir='ltr'>senatum</span> <span class='ocrx_word' id='word_1_95' title='bbox 771 969 907 1006; x_wconf 91' lang='lat' dir='ltr'>missus</span> <span class='ocrx_word' id='word_1_96' title='bbox 935 976 1043 1014; x_wconf 87' lang='lat' dir='ltr'>esset,</span> <span class='ocrx_word' id='word_1_97' title='bbox 1065 970 1346 1014; x_wconf 86' lang='lat' dir='ltr'>sciscitantibus,</span> <span class='ocrx_word' id='word_1_98' title='bbox 1367 968 1551 1018; x_wconf 87' lang='lat' dir='ltr'>quidnam</span> 
     </span>
     <span class='ocr_line' id='line_1_14' title="bbox 264 1032 1551 1082; baseline 0.002 -14"><span class='ocrx_word' id='word_1_99' title='bbox 264 1033 335 1070; x_wconf 85' lang='lat' dir='ltr'>9id</span> <span class='ocrx_word' id='word_1_100' title='bbox 365 1039 474 1078; x_wconf 88' lang='lat' dir='ltr'>esset,</span> <span class='ocrx_word' id='word_1_101' title='bbox 502 1033 608 1082; x_wconf 92' lang='lat' dir='ltr'>quod</span> <span class='ocrx_word' id='word_1_102' title='bbox 641 1034 687 1070; x_wconf 87' lang='lat' dir='ltr'>de</span> <span class='ocrx_word' id='word_1_103' title='bbox 718 1033 803 1070; x_wconf 86' lang='lat' dir='ltr'>lacu</span> <span class='ocrx_word' id='word_1_104' title='bbox 831 1033 984 1071; x_wconf 85' lang='lat' dir='ltr'>Albano</span> <span class='ocrx_word' id='word_1_105' title='bbox 1013 1034 1212 1079; x_wconf 79' lang='lat' dir='ltr'>docuisset,</span> <span class='ocrx_word' id='word_1_106' title='bbox 1233 1034 1439 1082; x_wconf 71' lang='lat' dir='ltr'>respondit,</span> <span class='ocrx_word' id='word_1_107' title='bbox 1461 1032 1551 1082; x_wconf 61' lang='lat' dir='ltr'>pro&#39;-</span> 
     </span>
     <span class='ocr_line' id='line_1_15' title="bbox 294 1097 1550 1148; baseline 0 -14"><span class='ocrx_word' id='word_1_108' title='bbox 294 1097 395 1135; x_wconf 89' lang='lat' dir='ltr'>fecto</span> <span class='ocrx_word' id='word_1_109' title='bbox 424 1099 541 1136; x_wconf 90' lang='lat' dir='ltr'>iratos</span> <span class='ocrx_word' id='word_1_110' title='bbox 570 1099 663 1136; x_wconf 90' lang='lat' dir='ltr'>deos</span> <span class='ocrx_word' id='word_1_111' title='bbox 683 1098 836 1136; x_wconf 87' lang='lat' dir='ltr'>Veienti</span> <span class='ocrx_word' id='word_1_112' title='bbox 866 1099 1011 1148; x_wconf 87' lang='lat' dir='ltr'>populo</span> <span class='ocrx_word' id='word_1_113' title='bbox 1039 1099 1104 1136; x_wconf 94' lang='lat' dir='ltr'>illo</span> <span class='ocrx_word' id='word_1_114' title='bbox 1132 1098 1245 1136; x_wconf 88' lang='lat' dir='ltr'>fuisse</span> <span class='ocrx_word' id='word_1_115' title='bbox 1275 1098 1345 1143; x_wconf 86' lang='lat' dir='ltr'>die,</span> <span class='ocrx_word' id='word_1_116' title='bbox 1373 1110 1452 1148; x_wconf 91' lang='lat' dir='ltr'>quo</span> <span class='ocrx_word' id='word_1_117' title='bbox 1481 1098 1550 1135; x_wconf 88' lang='lat' dir='ltr'>sibi</span> 
     </span>
     <span class='ocr_line' id='line_1_16' title="bbox 295 1163 1550 1213; baseline 0.001 -13"><span class='ocrx_word' id='word_1_118' title='bbox 295 1175 382 1200; x_wconf 88' lang='lat' dir='ltr'>eam</span> <span class='ocrx_word' id='word_1_119' title='bbox 408 1172 579 1202; x_wconf 86' lang='lat' dir='ltr'>mentem</span> <span class='ocrx_word' id='word_1_120' title='bbox 606 1165 844 1209; x_wconf 87' lang='lat' dir='ltr'>obiecissent,</span> <span class='ocrx_word' id='word_1_121' title='bbox 864 1171 904 1200; x_wconf 87' lang='lat' dir='ltr'>ut</span> <span class='ocrx_word' id='word_1_122' title='bbox 933 1164 1124 1201; x_wconf 82' lang='lat' dir='ltr'>excidium</span> <span class='ocrx_word' id='word_1_123' title='bbox 1153 1164 1296 1213; x_wconf 86' lang='lat' dir='ltr'>patriae</span> <span class='ocrx_word' id='word_1_124' title='bbox 1321 1163 1433 1200; x_wconf 87' lang='lat' dir='ltr'>fatale</span> <span class='ocrx_word' id='word_1_125' title='bbox 1463 1175 1550 1212; x_wconf 89' lang='lat' dir='ltr'>pro-</span> 
     </span>
     <span class='ocr_line' id='line_1_17' title="bbox 243 1228 1549 1279; baseline -0.001 -13"><span class='ocrx_word' id='word_1_126' title='bbox 243 1237 283 1267; x_wconf 90' lang='lat'>10</span> <span class='ocrx_word' id='word_1_127' title='bbox 296 1228 409 1266; x_wconf 86' lang='lat' dir='ltr'>deret.</span> <span class='ocrx_word' id='word_1_128' title='bbox 465 1229 611 1279; x_wconf 89' lang='lat' dir='ltr'>Itaque,</span> <span class='ocrx_word' id='word_1_129' title='bbox 628 1242 726 1278; x_wconf 87' lang='lat' dir='ltr'>quae</span> <span class='ocrx_word' id='word_1_130' title='bbox 746 1236 827 1266; x_wconf 89' lang='lat' dir='ltr'>tum</span> <span class='ocrx_word' id='word_1_131' title='bbox 847 1229 1025 1266; x_wconf 83' lang='lat' dir='ltr'>cecinerit</span> <span class='ocrx_word' id='word_1_132' title='bbox 1045 1229 1172 1266; x_wconf 78' lang='lat' dir='ltr'>divino</span> <span class='ocrx_word' id='word_1_133' title='bbox 1192 1229 1323 1278; x_wconf 88' lang='lat' dir='ltr'>spiritu</span> <span class='ocrx_word' id='word_1_134' title='bbox 1344 1229 1549 1274; x_wconf 61' lang='lat' dir='ltr'>instinctum,</span> 
     </span>
     <span class='ocr_line' id='line_1_18' title="bbox 294 1293 1549 1344; baseline 0 -14"><span class='ocrx_word' id='word_1_135' title='bbox 294 1305 341 1330; x_wconf 86' lang='lat' dir='ltr'>ea</span> <span class='ocrx_word' id='word_1_136' title='bbox 367 1306 407 1332; x_wconf 87' lang='lat' dir='ltr'>se</span> <span class='ocrx_word' id='word_1_137' title='bbox 433 1307 515 1340; x_wconf 90' lang='lat' dir='ltr'>nec,</span> <span class='ocrx_word' id='word_1_138' title='bbox 537 1302 579 1332; x_wconf 91' lang='lat' dir='ltr'>ut</span> <span class='ocrx_word' id='word_1_139' title='bbox 604 1295 744 1332; x_wconf 87' lang='lat' dir='ltr'>indicta</span> <span class='ocrx_word' id='word_1_140' title='bbox 769 1295 854 1338; x_wconf 85' lang='lat' dir='ltr'>sint,</span> <span class='ocrx_word' id='word_1_141' title='bbox 876 1307 1052 1332; x_wconf 80' lang='lat' dir='ltr'>revocare</span> <span class='ocrx_word' id='word_1_142' title='bbox 1079 1307 1204 1344; x_wconf 90' lang='lat' dir='ltr'>posse,</span> <span class='ocrx_word' id='word_1_143' title='bbox 1225 1300 1262 1332; x_wconf 90' lang='lat' dir='ltr'>et</span> <span class='ocrx_word' id='word_1_144' title='bbox 1286 1294 1448 1331; x_wconf 86' lang='lat' dir='ltr'>tacendo</span> <span class='ocrx_word' id='word_1_145' title='bbox 1474 1293 1549 1331; x_wconf 92' lang='lat' dir='ltr'>for-</span> 
     </span>
     <span class='ocr_line' id='line_1_19' title="bbox 293 1360 1551 1409; baseline 0 -13"><span class='ocrx_word' id='word_1_146' title='bbox 293 1360 401 1405; x_wconf 89' lang='lat' dir='ltr'>sitan,</span> <span class='ocrx_word' id='word_1_147' title='bbox 423 1372 522 1409; x_wconf 90' lang='lat' dir='ltr'>quae</span> <span class='ocrx_word' id='word_1_148' title='bbox 549 1360 585 1397; x_wconf 94' lang='lat' dir='ltr'>di</span> <span class='ocrx_word' id='word_1_149' title='bbox 607 1361 841 1398; x_wconf 89' lang='lat' dir='ltr'>immortales</span> <span class='ocrx_word' id='word_1_150' title='bbox 860 1360 1002 1409; x_wconf 82' lang='lat' dir='ltr'>vulgari</span> <span class='ocrx_word' id='word_1_151' title='bbox 1022 1361 1148 1406; x_wconf 80' lang='lat' dir='ltr'>velint,</span> <span class='ocrx_word' id='word_1_152' title='bbox 1169 1360 1269 1397; x_wconf 92' lang='lat' dir='ltr'>haud</span> <span class='ocrx_word' id='word_1_153' title='bbox 1290 1360 1414 1397; x_wconf 88' lang='lat' dir='ltr'>minus</span> <span class='ocrx_word' id='word_1_154' title='bbox 1434 1371 1551 1409; x_wconf 92' lang='lat' dir='ltr'>quam</span> 
     </span>
     <span class='ocr_line' id='line_1_20' title="bbox 241 1424 1550 1475; baseline 0.002 -15"><span class='ocrx_word' id='word_1_155' title='bbox 241 1431 279 1460; x_wconf 91' lang='lat'>11</span> <span class='ocrx_word' id='word_1_156' title='bbox 293 1424 452 1462; x_wconf 90' lang='lat' dir='ltr'>celanda</span> <span class='ocrx_word' id='word_1_157' title='bbox 471 1425 626 1462; x_wconf 78' lang='lat' dir='ltr'>effando</span> <span class='ocrx_word' id='word_1_158' title='bbox 647 1425 753 1462; x_wconf 82' lang='lat' dir='ltr'>nefas</span> <span class='ocrx_word' id='word_1_159' title='bbox 773 1425 956 1463; x_wconf 85' lang='lat' dir='ltr'>contrahi.</span> <span class='ocrx_word' id='word_1_160' title='bbox 1016 1425 1077 1463; x_wconf 87' lang='lat' dir='ltr'>Sic</span> <span class='ocrx_word' id='word_1_161' title='bbox 1104 1426 1216 1475; x_wconf 89' lang='lat' dir='ltr'>igitur</span> <span class='ocrx_word' id='word_1_162' title='bbox 1236 1426 1339 1463; x_wconf 91' lang='lat' dir='ltr'>libris</span> <span class='ocrx_word' id='word_1_163' title='bbox 1364 1425 1550 1470; x_wconf 87' lang='lat' dir='ltr'>fatalibus,</span> 
     </span>
     <span class='ocr_line' id='line_1_21' title="bbox 293 1489 1552 1540; baseline 0.001 -15"><span class='ocrx_word' id='word_1_164' title='bbox 293 1489 345 1527; x_wconf 87' lang='lat' dir='ltr'>sic</span> <span class='ocrx_word' id='word_1_165' title='bbox 372 1489 570 1539; x_wconf 88' lang='lat' dir='ltr'>disciplina</span> <span class='ocrx_word' id='word_1_166' title='bbox 593 1489 755 1527; x_wconf 81' lang='lat' dir='ltr'>Etrusca</span> <span class='ocrx_word' id='word_1_167' title='bbox 781 1490 959 1527; x_wconf 85' lang='lat' dir='ltr'>traditum</span> <span class='ocrx_word' id='word_1_168' title='bbox 985 1503 1079 1536; x_wconf 86' lang='lat' dir='ltr'>esse,</span> <span class='ocrx_word' id='word_1_169' title='bbox 1100 1491 1255 1540; x_wconf 86' lang='lat' dir='ltr'>quando</span> <span class='ocrx_word' id='word_1_170' title='bbox 1282 1503 1381 1540; x_wconf 86' lang='lat' dir='ltr'>aqua</span> <span class='ocrx_word' id='word_1_171' title='bbox 1400 1490 1552 1527; x_wconf 88' lang='lat' dir='ltr'>Albana</span> 
     </span>
     <span class='ocr_line' id='line_1_22' title="bbox 291 1555 1550 1602; baseline 0 -10"><span class='ocrx_word' id='word_1_172' title='bbox 291 1555 532 1601; x_wconf 88' lang='lat' dir='ltr'>abundasset,</span> <span class='ocrx_word' id='word_1_173' title='bbox 553 1562 648 1602; x_wconf 86' lang='lat' dir='ltr'>tum,</span> <span class='ocrx_word' id='word_1_174' title='bbox 668 1556 697 1592; x_wconf 89' lang='lat' dir='ltr'>si</span> <span class='ocrx_word' id='word_1_175' title='bbox 719 1568 803 1593; x_wconf 87' lang='lat' dir='ltr'>eam</span> <span class='ocrx_word' id='word_1_176' title='bbox 825 1555 1025 1594; x_wconf 87' lang='lat' dir='ltr'>Romanus</span> <span class='ocrx_word' id='word_1_177' title='bbox 1052 1557 1119 1594; x_wconf 89' lang='lat' dir='ltr'>rite</span> <span class='ocrx_word' id='word_1_178' title='bbox 1140 1557 1335 1602; x_wconf 85' lang='lat' dir='ltr'>emisisset,</span> <span class='ocrx_word' id='word_1_179' title='bbox 1355 1555 1550 1593; x_wconf 88' lang='lat' dir='ltr'>victoriam</span> 
     </span>
     <span class='ocr_line' id='line_1_23' title="bbox 292 1619 1549 1671; baseline 0 -14"><span class='ocrx_word' id='word_1_180' title='bbox 292 1619 340 1657; x_wconf 92' lang='lat' dir='ltr'>de</span> <span class='ocrx_word' id='word_1_181' title='bbox 360 1619 584 1659; x_wconf 88' lang='lat' dir='ltr'>Veientibus</span> <span class='ocrx_word' id='word_1_182' title='bbox 604 1621 707 1668; x_wconf 88' lang='lat' dir='ltr'>dari;</span> <span class='ocrx_word' id='word_1_183' title='bbox 738 1628 942 1671; x_wconf 88' lang='lat' dir='ltr'>antequam</span> <span class='ocrx_word' id='word_1_184' title='bbox 964 1623 1000 1659; x_wconf 90' lang='lat' dir='ltr'>id</span> <span class='ocrx_word' id='word_1_185' title='bbox 1022 1622 1095 1669; x_wconf 87' lang='lat' dir='ltr'>fiat,</span> <span class='ocrx_word' id='word_1_186' title='bbox 1117 1622 1210 1660; x_wconf 89' lang='lat' dir='ltr'>deos</span> <span class='ocrx_word' id='word_1_187' title='bbox 1235 1622 1390 1659; x_wconf 89' lang='lat' dir='ltr'>moenia</span> <span class='ocrx_word' id='word_1_188' title='bbox 1409 1620 1549 1658; x_wconf 85' lang='lat' dir='ltr'>Veien-</span> 
     </span>
     <span class='ocr_line' id='line_1_24' title="bbox 241 1685 1549 1738; baseline 0 -16"><span class='ocrx_word' id='word_1_189' title='bbox 241 1689 281 1720; x_wconf 85' lang='lat'>12</span> <span class='ocrx_word' id='word_1_190' title='bbox 294 1686 389 1723; x_wconf 89' lang='lat' dir='ltr'>tium</span> <span class='ocrx_word' id='word_1_191' title='bbox 416 1686 631 1725; x_wconf 89' lang='lat' dir='ltr'>deserturos</span> <span class='ocrx_word' id='word_1_192' title='bbox 656 1699 735 1724; x_wconf 91' lang='lat' dir='ltr'>non</span> <span class='ocrx_word' id='word_1_193' title='bbox 763 1699 856 1725; x_wconf 90' lang='lat' dir='ltr'>esse.</span> <span class='ocrx_word' id='word_1_194' title='bbox 915 1687 1203 1738; x_wconf 84' lang='lat' dir='ltr'>Exsequebatur</span> <span class='ocrx_word' id='word_1_195' title='bbox 1227 1687 1327 1733; x_wconf 90' lang='lat' dir='ltr'>inde,</span> <span class='ocrx_word' id='word_1_196' title='bbox 1349 1699 1447 1736; x_wconf 89' lang='lat' dir='ltr'>quae</span> <span class='ocrx_word' id='word_1_197' title='bbox 1475 1685 1549 1723; x_wconf 89' lang='lat' dir='ltr'>sol-</span> 
     </span>
     <span class='ocr_line' id='line_1_25' title="bbox 291 1751 1549 1798; baseline 0.001 -11"><span class='ocrx_word' id='word_1_198' title='bbox 291 1751 428 1788; x_wconf 91' lang='lat' dir='ltr'>lemnis</span> <span class='ocrx_word' id='word_1_199' title='bbox 447 1752 628 1790; x_wconf 88' lang='lat' dir='ltr'>derivatio</span> <span class='ocrx_word' id='word_1_200' title='bbox 647 1759 745 1790; x_wconf 88' lang='lat' dir='ltr'>esset</span> <span class='ocrx_word' id='word_1_201' title='bbox 756 1765 765 1798; x_wconf 86' lang='lat'>;</span> <span class='ocrx_word' id='word_1_202' title='bbox 797 1753 864 1790; x_wconf 90' lang='lat' dir='ltr'>sed</span> <span class='ocrx_word' id='word_1_203' title='bbox 879 1760 1072 1790; x_wconf 87' lang='lat' dir='ltr'>auctorem</span> <span class='ocrx_word' id='word_1_204' title='bbox 1089 1754 1209 1790; x_wconf 84' lang='lat' dir='ltr'>levem</span> <span class='ocrx_word' id='word_1_205' title='bbox 1230 1765 1300 1790; x_wconf 91' lang='lat' dir='ltr'>nec</span> <span class='ocrx_word' id='word_1_206' title='bbox 1321 1752 1410 1789; x_wconf 84' lang='lat' dir='ltr'>satis</span> <span class='ocrx_word' id='word_1_207' title='bbox 1431 1751 1549 1788; x_wconf 87' lang='lat' dir='ltr'>fidum</span> 
     </span>
     <span class='ocr_line' id='line_1_26' title="bbox 290 1818 1548 1867; baseline 0 -14"><span class='ocrx_word' id='word_1_208' title='bbox 290 1828 403 1866; x_wconf 90' lang='lat' dir='ltr'>super</span> <span class='ocrx_word' id='word_1_209' title='bbox 440 1823 544 1854; x_wconf 88' lang='lat' dir='ltr'>tanta</span> <span class='ocrx_word' id='word_1_210' title='bbox 582 1831 621 1855; x_wconf 93' lang='lat' dir='ltr'>re</span> <span class='ocrx_word' id='word_1_211' title='bbox 655 1826 779 1867; x_wconf 84' lang='lat' dir='ltr'>patres</span> <span class='ocrx_word' id='word_1_212' title='bbox 817 1819 886 1855; x_wconf 87' lang='lat' dir='ltr'>rati</span> <span class='ocrx_word' id='word_1_213' title='bbox 927 1819 1136 1864; x_wconf 80' lang='lat' dir='ltr'>decrevere,</span> <span class='ocrx_word' id='word_1_214' title='bbox 1167 1818 1312 1867; x_wconf 89' lang='lat' dir='ltr'>legatos</span> <span class='ocrx_word' id='word_1_215' title='bbox 1351 1823 1548 1866; x_wconf 89' lang='lat' dir='ltr'>sortesque</span> 
     </span>
     <span class='ocr_line' id='line_1_27' title="bbox 289 1881 906 1933; baseline 0.006 -16"><span class='ocrx_word' id='word_1_216' title='bbox 289 1881 431 1918; x_wconf 91' lang='lat' dir='ltr'>oraculi</span> <span class='ocrx_word' id='word_1_217' title='bbox 451 1881 596 1931; x_wconf 88' lang='lat' dir='ltr'>Pythici</span> <span class='ocrx_word' id='word_1_218' title='bbox 617 1884 906 1933; x_wconf 81' lang='lat' dir='ltr'>exspectandas.</span> 
     </span>
    </p>
   </div>
   <div class='ocr_carea' id='block_1_3' title="bbox 126 2000 1549 2251">
    <p class='ocr_par' dir='ltr' id='par_1_3' title="bbox 126 2000 1549 2251">
     <span class='ocr_line' id='line_1_28' title="bbox 126 2000 1546 2045; baseline 0.001 -13"><span class='ocrx_word' id='word_1_219' title='bbox 126 2001 199 2036; x_wconf 83' lang='lat' dir='ltr'>Ch.</span> <span class='ocrx_word' id='word_1_220' title='bbox 215 2000 275 2036; x_wconf 86' lang='grc'>16.</span> <span class='ocrx_word' id='word_1_221' title='bbox 291 2003 307 2039; x_wconf 72' lang='grc'><strong>5</strong></span> <span class='ocrx_word' id='word_1_222' title='bbox 325 2010 351 2032; x_wconf 91' lang='lat'>1.</span> <span class='ocrx_word' id='word_1_223' title='bbox 369 2001 454 2032; x_wconf 67' lang='lat' dir='ltr'>Now</span> <span class='ocrx_word' id='word_1_224' title='bbox 466 2003 627 2044; x_wconf 65' lang='lat' dir='ltr'>Militmy</span> <span class='ocrx_word' id='word_1_225' title='bbox 647 2005 806 2036; x_wconf 76' lang='lat' dir='ltr'>Tribuncs</span> <span class='ocrx_word' id='word_1_226' title='bbox 817 2016 873 2036; x_wconf 78' lang='lat' dir='ltr'>arc</span> <span class='ocrx_word' id='word_1_227' title='bbox 885 2005 1004 2036; x_wconf 80' lang='lat' dir='ltr'>elected.</span> <span class='ocrx_word' id='word_1_228' title='bbox 1031 2007 1046 2042; x_wconf 71' lang='grc' dir='ltr'><strong>ξ</strong></span> <span class='ocrx_word' id='word_1_229' title='bbox 1062 2015 1090 2036; x_wconf 76' lang='lat'>2.</span> <span class='ocrx_word' id='word_1_230' title='bbox 1110 2005 1142 2036; x_wconf 85' lang='lat' dir='ltr'><em>T</em></span> <span class='ocrx_word' id='word_1_231' title='bbox 1137 2005 1175 2035; x_wconf 73' lang='lat' dir='ltr'>he</span> <span class='ocrx_word' id='word_1_232' title='bbox 1183 2003 1341 2045; x_wconf 69' lang='lat' dir='ltr'>pcopleos</span> <span class='ocrx_word' id='word_1_233' title='bbox 1354 2003 1546 2045; x_wconf 83' lang='lat' dir='ltr'>Tarquinii,</span> 
     </span>
     <span class='ocr_line' id='line_1_29' title="bbox 374 2055 1545 2096; baseline 0.002 -13"><span class='ocrx_word' id='word_1_234' title='bbox 374 2055 486 2094; x_wconf 76' lang='lat' dir='ltr'>seeing</span> <span class='ocrx_word' id='word_1_235' title='bbox 505 2055 605 2086; x_wconf 73' lang='lat' dir='ltr'>Rome</span> <span class='ocrx_word' id='word_1_236' title='bbox 628 2056 803 2087; x_wconf 70' lang='lat' dir='ltr'>dz&#39;slraclcd</span> <span class='ocrx_word' id='word_1_237' title='bbox 823 2057 861 2096; x_wconf 77' lang='lat' dir='ltr'>hy</span> <span class='ocrx_word' id='word_1_238' title='bbox 884 2067 958 2087; x_wconf 71' lang='lat' dir='ltr'>war</span> <span class='ocrx_word' id='word_1_239' title='bbox 980 2057 1061 2087; x_wconf 72' lang='lat' dir='ltr'>with</span> <span class='ocrx_word' id='word_1_240' title='bbox 1086 2056 1250 2087; x_wconf 74' lang='lat' dir='ltr'>Volscians</span> <span class='ocrx_word' id='word_1_241' title='bbox 1272 2055 1343 2085; x_wconf 82' lang='lat' dir='ltr'>and</span> <span class='ocrx_word' id='word_1_242' title='bbox 1363 2055 1545 2095; x_wconf 75' lang='lat' dir='ltr'>Aequians,</span> 
     </span>
     <span class='ocr_line' id='line_1_30' title="bbox 376 2106 1549 2149; baseline 0.002 -15"><span class='ocrx_word' id='word_1_243' title='bbox 376 2115 496 2145; x_wconf 49' lang='lat' dir='ltr'>ravage</span> <span class='ocrx_word' id='word_1_244' title='bbox 512 2106 564 2137; x_wconf 78' lang='lat' dir='ltr'>the</span> <span class='ocrx_word' id='word_1_245' title='bbox 577 2107 707 2137; x_wconf 77' lang='lat' dir='ltr'>Roman</span> <span class='ocrx_word' id='word_1_246' title='bbox 732 2108 887 2148; x_wconf 63' lang='lat' dir='ltr'>tcrrz&#39;loty</span> <span class='ocrx_word' id='word_1_247' title='bbox 899 2108 980 2138; x_wconf 75' lang='lat' dir='ltr'>with</span> <span class='ocrx_word' id='word_1_248' title='bbox 997 2107 1141 2149; x_wconf 75' lang='lat' dir='ltr'>aflying</span> <span class='ocrx_word' id='word_1_249' title='bbox 1157 2108 1297 2144; x_wconf 82' lang='lat' dir='ltr'>column,</span> <span class='ocrx_word' id='word_1_250' title='bbox 1314 2106 1420 2137; x_wconf 76' lang='lat' dir='ltr'><em>which</em></span> <span class='ocrx_word' id='word_1_251' title='bbox 1443 2107 1472 2136; x_wconf 82' lang='lat' dir='ltr'>is</span> <span class='ocrx_word' id='word_1_252' title='bbox 1493 2109 1549 2136; x_wconf 86' lang='lat' dir='ltr'>cut</span> 
     </span>
     <span class='ocr_line' id='line_1_31' title="bbox 375 2157 1548 2198; baseline 0.001 -11"><span class='ocrx_word' id='word_1_253' title='bbox 375 2157 470 2197; x_wconf 75' lang='lat' dir='ltr'>offby</span> <span class='ocrx_word' id='word_1_254' title='bbox 481 2167 502 2187; x_wconf 84' lang='lat' dir='ltr'><em>a</em></span> <span class='ocrx_word' id='word_1_255' title='bbox 508 2157 600 2197; x_wconf 78' lang='lat' dir='ltr'>force</span> <span class='ocrx_word' id='word_1_256' title='bbox 617 2159 727 2189; x_wconf 71' lang='lat' dir='ltr'>raised</span> <span class='ocrx_word' id='word_1_257' title='bbox 739 2159 776 2189; x_wconf 81' lang='lat' dir='ltr'>in</span> <span class='ocrx_word' id='word_1_258' title='bbox 794 2160 894 2190; x_wconf 81' lang='lat' dir='ltr'>Rome</span> <span class='ocrx_word' id='word_1_259' title='bbox 908 2159 1048 2190; x_wconf 78' lang='lat' dir='ltr'>without</span> <span class='ocrx_word' id='word_1_260' title='bbox 1061 2169 1082 2189; x_wconf 87' lang='lat' dir='ltr'><em>a</em></span> <span class='ocrx_word' id='word_1_261' title='bbox 1099 2159 1233 2198; x_wconf 51' lang='lat' dir='ltr'>regular</span> <span class='ocrx_word' id='word_1_262' title='bbox 1248 2159 1328 2198; x_wconf 81' lang='lat' dir='ltr'>lcvy.</span> <span class='ocrx_word' id='word_1_263' title='bbox 1397 2160 1413 2195; x_wconf 63' lang='grc' dir='ltr'><strong>ᾗ</strong></span> <span class='ocrx_word' id='word_1_264' title='bbox 1429 2159 1457 2189; x_wconf 93' lang='grc'>8.</span> <span class='ocrx_word' id='word_1_265' title='bbox 1480 2157 1514 2188; x_wconf 88' lang='lat' dir='ltr'><em>T</em></span> <span class='ocrx_word' id='word_1_266' title='bbox 1508 2157 1548 2188; x_wconf 76' lang='lat' dir='ltr'>lle</span> 
     </span>
     <span class='ocr_line' id='line_1_32' title="bbox 374 2207 1545 2251; baseline 0.004 -14"><span class='ocrx_word' id='word_1_267' title='bbox 374 2218 506 2238; x_wconf 81' lang='lat' dir='ltr'>answer</span> <span class='ocrx_word' id='word_1_268' title='bbox 517 2209 654 2249; x_wconf 75' lang='lat' dir='ltr'>brought</span> <span class='ocrx_word' id='word_1_269' title='bbox 658 2210 752 2251; x_wconf 78' lang='lat' dir='ltr'>from</span> <span class='ocrx_word' id='word_1_270' title='bbox 764 2210 890 2251; x_wconf 69' lang='lat' dir='ltr'>Delphi</span> <span class='ocrx_word' id='word_1_271' title='bbox 901 2221 1009 2251; x_wconf 74' lang='lat' dir='ltr'>agrees</span> <span class='ocrx_word' id='word_1_272' title='bbox 1021 2210 1101 2241; x_wconf 77' lang='lat' dir='ltr'><em>wz&#39;tlz</em></span> <span class='ocrx_word' id='word_1_273' title='bbox 1115 2210 1167 2240; x_wconf 76' lang='lat' dir='ltr'>tlte</span> <span class='ocrx_word' id='word_1_274' title='bbox 1175 2210 1206 2240; x_wconf 87' lang='lat' dir='ltr'><em>V</em></span> <span class='ocrx_word' id='word_1_275' title='bbox 1203 2207 1367 2240; x_wconf 75' lang='lat' dir='ltr'>cientz&#39;ne’s</span> <span class='ocrx_word' id='word_1_276' title='bbox 1375 2209 1545 2250; x_wconf 76' lang='lat' dir='ltr'>prophecy.</span> 
     </span>
    </p>
   </div>
   <div class='ocr_carea' id='block_1_4' title="bbox 264 2279 1543 2330">
    <p class='ocr_par' dir='ltr' id='par_1_4' title="bbox 264 2279 1543 2330">
     <span class='ocr_line' id='line_1_33' title="bbox 264 2279 1543 2330; baseline 0.003 -15"><span class='ocrx_word' id='word_1_277' title='bbox 264 2285 277 2314; x_wconf 92' lang='lat'>1</span> <span class='ocrx_word' id='word_1_278' title='bbox 348 2279 574 2330; x_wconf 89' lang='lat' dir='ltr'>Priusquam</span> <span class='ocrx_word' id='word_1_279' title='bbox 605 2293 627 2318; x_wconf 89' lang='lat' dir='ltr'>a</span> <span class='ocrx_word' id='word_1_280' title='bbox 655 2281 814 2330; x_wconf 88' lang='lat' dir='ltr'>Delphis</span> <span class='ocrx_word' id='word_1_281' title='bbox 843 2289 1013 2320; x_wconf 88' lang='lat' dir='ltr'>oratores</span> <span class='ocrx_word' id='word_1_282' title='bbox 1042 2281 1206 2319; x_wconf 90' lang='lat' dir='ltr'>redirent</span> <span class='ocrx_word' id='word_1_283' title='bbox 1236 2281 1421 2319; x_wconf 87' lang='lat' dir='ltr'>Albanive</span> <span class='ocrx_word' id='word_1_284' title='bbox 1455 2293 1543 2330; x_wconf 92' lang='lat' dir='ltr'>pro-</span> 
     </span>
    </p>
   </div>
   <div class='ocr_carea' id='block_1_5' title="bbox 1040 2326 1200 2335">
    <p class='ocr_par' dir='ltr' id='par_1_5' title="bbox 1040 2326 1200 2335">
     <span class='ocr_line' id='line_1_34' title="bbox 1040 2326 1200 2335; baseline 0 0"><span class='ocrx_word' id='word_1_285' title='bbox 1040 2326 1200 2335; x_wconf 95' lang='lat' dir='ltr'> </span> 
     </span>
    </p>
   </div>
  </div>
 </body>
</html>
