1637 2554
280 122 387 154 WAR
424 122 562 154 WITll
590 121 745 153 GAULS
771 121 879 152 ΛΝΒ
915 121 1120 153 GREEKS.
1243 125 1317 154 201

75 227 191 266 semel
220 228 364 277 proelio
395 227 628 274 decertarint,
655 228 834 277 dubiique
863 228 1105 265 discesserint
1134 227 1171 263 in
1201 234 1324 264 castra
1337 234 1525 262 13.c.a49.

75 293 187 340 Galli,
207 292 344 331 Graeci
364 300 463 331 retro
483 293 533 331 ad
552 306 679 341 naves,
695 294 812 331 victos
833 306 872 330 se
893 306 941 330 an
958 294 1118 331 victores
1138 299 1324 342 putarent.

76 359 179 396 Inter
199 358 269 396 hos
289 358 400 407 longe
420 359 609 395 maximus
625 359 762 395 exstitit
780 366 897 396 terror
914 358 1077 395 concilia
1096 357 1324 407 populorum
1340 360 1357 387 5

77 423 300 462 Latinorum
339 423 388 460 ad
426 423 553 460 lucum
593 423 817 461 Ferentinae
857 423 985 461 habita
1022 434 1326 473 responsumque

76 489 177 526 haud
216 489 438 537 ambiguum
477 489 747 538 imperantibus
776 489 922 532 *milites
961 488 1147 526 Romanis
1181 487 1324 532 datum,

76 554 300 592 absisterent
322 555 507 602 imperare
527 554 582 599 iis,
605 567 768 603 quorum
798 554 940 591 auxilio
960 561 1136 603 egerent;
1167 552 1326 589 Latinos
1340 560 1358 589 6

75 632 146 670 pro
170 631 237 656 sua
265 619 435 656 libertate
461 620 588 667 potius
609 632 724 668 quam
755 632 824 668 pro
845 619 968 657 alieno
997 619 1155 668 imperio
1185 618 1327 655 laturos

77 697 193 722 arma.
252 684 355 721 Inter
388 684 466 721 duo
499 684 611 720 simul
647 684 742 721 bella
776 692 933 722 externa
967 684 1180 722 defectione
1213 684 1359 721 etiam?

77 750 268 788 sociorum
298 755 450 786 senatus
480 750 626 794 anxius,
648 762 769 799 quum
799 757 979 795 cerneret,
999 756 1103 787 metu
1129 748 1326 793 tenendos,

76 826 173 864 quos
203 813 295 851 fides
324 825 405 850 non
434 814 626 859 tenuisset,
659 814 863 852 extendere
894 827 1028 852 omnes
1057 814 1203 863 imperii
1231 814 1328 850 vires

77 880 252 918 consules
287 879 426 916 dilectu
460 878 638 916 habendo
672 880 802 926 iussit;
847 881 943 917 civili
979 880 1117 930 quippe
1150 878 1449 917 standum-ww
1481 885 1484 888 ’

77 945 242 982 exercitu
262 956 355 990 esse,
372 943 528 993 quando
550 945 698 982 socialis
718 942 884 997 [coetus]
904 946 1097 983 desereret.
1135 944 1327 993 Undique,
1341 950 1359 980 8

78 1023 157 1048 non
184 1010 330 1047 urbana
359 1016 518 1054 tantum,
549 1010 616 1047 sed
646 1011 759 1048 etiam
793 1012 931 1061 agresti
961 1011 1164 1056 iuventute,
1195 1010 1327 1047 decem

77 1075 246 1124 legiones
280 1075 440 1124 scriptae
474 1076 650 1113 dicuntur
683 1083 909 1126 quaternum
943 1076 1102 1113 millium
1140 1083 1176 1134 et
1214 1076 1328 1112 duce—

77 1153 216 1179 norum
231 1141 401 1190 peditum
416 1141 662 1191 equitumque
678 1148 927 1187 trecenorum,
942 1154 1168 1192 quem-
1071 1117 1172 1179 nunc
1187 1153 1327 1178 novum
1343 1153 1360 1177 ,ι

78 1207 300 1252 exercitum,
335 1207 364 1244 si
398 1219 474 1256 qua
504 1214 660 1245 externa
692 1209 748 1245 vis
781 1208 941 1257 ingruat,
971 1208 1041 1245 hae
1070 1208 1166 1244 vires
1198 1206 1329 1256 populi

79 1271 257 1317 Romani,
273 1284 367 1322 quas
387 1273 449 1309 vix
469 1279 651 1310 terrarum
668 1273 766 1322 capit
782 1273 896 1319 orbis,
913 1280 1130 1311 contractae
1150 1273 1188 1309 in
1208 1283 1329 1309 unum

79 1337 182 1374 haud
229 1336 338 1374 facile
376 1336 564 1384 efficiant;
612 1337 710 1376 adeo
741 1312 817 1374 ‘'i‘nd
831 1324 949 1388 quae
979 1326 1213 1383 laboramus,
1249 1336 1330 1374 sola

79 1403 274 1446 crevimus,
305 1403 451 1440 divitias
483 1403 757 1453 luxuriamque.
816 1403 920 1441 Inter
949 1411 1072 1441 cetera
1101 1404 1218 1441 tristia
1249 1403 1329 1439 eius
1344 1408 1383 1437 10

80 1469 169 1506 anni
203 1468 337 1506 consul
367 1467 459 1505 alter
492 1468 590 1517 App.
628 1469 809 1506 Claudius
840 1469 878 1506 in
910 1471 993 1518 ipso
1024 1469 1111 1506 belli
1146 1474 1330 1518 apparatu

79 1533 239 1570 moritur
251 1545 260 1578 ;
290 1533 554 1583 redierantque
579 1546 638 1571 res
658 1534 705 1571 ad
727 1533 941 1580 Camillum,
963 1536 1024 1572 cui
1049 1535 1163 1572 unico
1183 1533 1330 1571 consuli
1345 1538 1383 1566 11

80 1598 137 1634 vel
171 1597 222 1635 ob
253 1597 366 1635 aliam
396 1598 654 1647 dignationem
685 1599 787 1636 haud
817 1600 1091 1638 subiiciendam
1122 1600 1330 1637 dictaturae

80 1663 137 1699 vel
156 1663 207 1700 ob
232 1675 346 1700 omen
374 1663 536 1701 faustum
565 1665 613 1702 ad
642 1664 831 1703 Gallicum
861 1666 1065 1703 tumultum
1086 1665 1331 1714 cognominis

80 1727 305 1765 dictatorem
322 1730 489 1779 arrogari
510 1730 613 1767 haud
630 1731 719 1768 satis
737 1731 918 1769 decorum
935 1731 1057 1768 visum
1072 1737 1128 1768 est
1148 1730 1329 1779 patribus.

81 1792 238 1838 Consul,
259 1793 405 1831 duabus
434 1795 649 1844 legionibus
681 1797 764 1833 urbi
794 1796 1027 1845 praepositis,
1050 1803 1139 1833 octo
1170 1808 1260 1833 curn
1285 1795 1328 1832 L.
1344 1804 1382 1833 12

80 1858 233 1896 Pinario
251 1866 423 1908 praetore
445 1861 581 1906 divisis,
603 1873 752 1899 memor
772 1869 950 1911 paternae
971 1862 1114 1898 virtutis
1139 1861 1330 1899 Gallicum

81 1923 150 1961 sibi
169 1924 310 1961 bellum
329 1932 433 1971 extra
447 1933 587 1973 sortem
603 1928 727 1972 sumit,
742 1934 957 1977 praetorem
977 1928 1207 1965 maritimam
1222 1939 1329 1964 oram

81 1989 192 2026 tutari
231 1989 476 2040 Graecosque
514 2004 640 2030 arcere
674 1993 846 2030 litoribus
878 1993 994 2031 iussit.
1051 1993 1100 2030 Et
1134 2005 1251 2043 quum
1290 1994 1328 2030 in
1343 1997 1382 2027 13

81 2066 217 2104 agrum
255 2054 500 2105 Pomptinum
534 2057 801 2104 descendisset,
833 2059 921 2108 quia
953 2071 1078 2108 neque
1111 2060 1150 2096 in
1184 2060 1331 2109 campis

83 2119 263 2168 congredi
293 2121 397 2157 nulla
425 2128 588 2171 cogente
616 2135 655 2159 re
684 2123 834 2160 volebat
865 2130 902 2161 et
935 2124 1176 2173 prohibendo
1209 2137 1331 2174 popu-

83 2184 295 2230 lationibus,
338 2197 436 2235 quos
474 2193 582 2235 rapto
618 2187 740 2225 vivere
787 2190 992 2227 necessitas
1039 2197 1202 2239 cogeret,
1241 2191 1332 2229 satis

84 2250 231 2288 domari
251 2250 427 2288 credebat
447 2250 606 2298 hostem,
629 2252 756 2290 locum
776 2253 958 2292 idoneum
978 2255 1119 2294 stativis
1139 2256 1289 2307 delegit.

1384 1305 1424 1333 ,η
1471 1287 1500 1326 ί.
1513 1291 1527 1323 ι’
1539 1283 1559 1321 l
