1670 2532
263 77 342 106 112
641 75 767 115 Lllf'r,
800 74 935 106 BOOK
958 74 1015 106 VJ.
1038 79 1077 117 4,
1097 74 1135 118 5.

59 193 140 222 20.
158 195 247 223 329.
260 181 354 218 cella
373 188 522 219 constat
544 189 631 218 ante
660 181 774 230 pedes
794 181 951 219 Iunonis
977 182 1118 231 positas
1142 182 1264 220 fuisse.
1323 183 1383 220 Eo
1409 194 1512 220 anno

228 255 245 283 4
260 247 297 283 in
314 247 502 283 civitatem
517 247 747 295 accepti,qui
759 245 975 284 Veientium
990 247 1319 298 Capenatiumque
1335 260 1378 285 ac
1394 247 1512 285 Falis-

261 324 393 349 corum
423 324 490 361 per
515 324 561 348 ea
590 312 689 348 bella
720 311 1000 361 transfugerant
1024 313 1072 350 ad
1103 312 1315 358 Romanos,
1345 324 1512 362 agerque

228 377 318 414 shis
339 377 445 414 novis
472 377 615 414 civibus
643 377 866 426 assignatus.
927 377 1106 415 Revocati
1133 390 1286 428 quoque
1313 378 1352 414 in
1378 378 1512 415 urbem

260 449 413 479 senatus
446 442 620 480 consulto
646 454 668 478 a
688 441 805 487 Veiis,
825 443 891 492 qui
920 443 1142 480 aedificandi
1171 442 1322 480 Romae
1351 443 1512 492 pigritia.

260 507 450 556 occupatis
471 507 520 543 ibi
541 507 667 544 vacuis
686 508 803 552 tectis,
819 507 938 545 Veios
958 520 998 545 se
1019 508 1268 546 contulerant.
1320 507 1369 544 Et
1387 500 1512 557 primo

261 572 428 609 fremitus
449 572 515 609 suit
535 573 822 621 aspernantium
841 573 1066 623 imperium;
1096 574 1176 611 dies
1197 573 1333 611 deinde
1353 573 1510 622 praesti-

260 643 340 673 tuta
366 637 615 686 capitalisque
641 650 780 686 poena,
801 639 867 688 qui
894 651 973 676 non
998 639 1240 687 remigrasset
1261 638 1442 683 Romam,
1462 649 1510 674 ex

261 702 446 739 ferocibus
466 703 647 739 universis
667 703 847 752 singulos,
862 710 966 740 metu
986 715 1057 740 suo
1073 715 1275 753 quemque,
1290 703 1513 740 obedientes

227 774 245 803 6
260 766 344 804 fecit
358 780 366 812 ;
397 774 433 804 et
455 767 582 805 Roma
607 780 725 817 quum
748 768 960 818 frequentia
985 781 1164 813 crescere,
1185 775 1265 805 tum
1292 776 1372 806 tota
1399 768 1510 806 simul

260 844 462 881 exsurgere
493 833 683 878 aedificiis,
713 839 748 870 et
777 846 817 871 re
846 834 998 883 publica
1027 835 1218 883 impensas
1247 834 1445 871 adiuvante
1475 840 1512 871 et

261 897 445 935 aedilibus
465 898 565 935 velut
585 898 779 948 publicum
799 899 1039 949 exigentibus
1065 911 1165 948 opus
1191 906 1228 936 et
1251 900 1341 949 ipsis
1360 899 1512 948 privatis

260 961 509 1014 (admonebat
536 965 639 1001 enim
667 964 891 1002 desiderium
917 963 1025 1014 usus)
1045 964 1308 1002 festinantibus
1331 964 1379 1001 ad
1399 964 1510 1002 effec-
1540 972 1544 975 ’

228 1037 245 1069 7
260 1035 341 1065 tum
361 1029 508 1078 operis3
539 1029 714 1079 intraque
735 1042 880 1066 annum
899 1041 999 1067 nova
1018 1031 1108 1067 urbs
1129 1030 1237 1067 stetit.
1286 1030 1401 1066 Exitu
1422 1030 1511 1066 anni

259 1094 414 1131 comitia
447 1095 688 1132 tribunorum
725 1095 888 1132 militum
925 1095 1114 1133 consulari
1151 1101 1336 1144 potestate
1369 1095 1508 1132 habita.

56 1158 386 1197 B.c.388.Creati
425 1160 475 1197 T.
510 1160 713 1207 Quinctius
753 1160 1012 1205 Cincinnatus,
1047 1159 1096 1207 Q.
1132 1159 1309 1197 Servilius
1346 1159 1511 1197 Fidenas

261 1225 448 1274 quintum,
470 1225 512 1262 L.
534 1225 651 1262 Iulius
672 1226 788 1270 Iulus,
809 1225 853 1263 L.
875 1226 1049 1275 Aquilius
1070 1225 1228 1271 Corvus,
1251 1224 1295 1262 L.
1316 1224 1513 1263 Lucretius

229 1289 518 1339 STricipitinus‚
555 1290 632 1328 Ser.
668 1290 854 1340 Sulpicius
889 1290 1010 1329 Rufus
1042 1291 1251 1328 exercitum
1283 1290 1443 1328 alterum
1474 1291 1512 1328 in

261 1355 430 1405 Aequos,
452 1368 530 1394 non
551 1357 599 1393 ad
619 1356 761 1394 bellum
783 1354 917 1408 (victos
937 1369 1103 1406 namque
1123 1369 1163 1394 se
1184 1354 1425 1405 fatebantur),
1446 1356 1514 1394 sed

260 1422 308 1458 ab
342 1421 432 1458 odio
463 1421 511 1458 ad
540 1422 810 1471 pervastandos
840 1422 944 1467 fines,
965 1435 1012 1459 ne
1038 1422 1130 1472 quid
1157 1421 1206 1459 ad
1230 1434 1330 1459 nova
1354 1422 1512 1460 consilia

260 1486 518 1535 relinquerent
544 1487 688 1532 virium,
715 1487 867 1532 duxere,
894 1488 1052 1525 alterum
1082 1488 1120 1524 in
1151 1499 1285 1537 agrum
1306 1487 1511 1536 Tarquini-

228 1564 405 1595 qensem.
462 1552 521 1589 Ibi
547 1553 688 1602 oppida
715 1552 961 1591 Etruscorum
989 1552 1180 1590 Cortuosa
1207 1560 1245 1590 et
1268 1552 1512 1590 Contenebra

261 1617 294 1653 vi
315 1624 436 1666 capta.
493 1618 556 1654 Ad
577 1618 806 1655 Cortuosam
833 1618 926 1655 nihil
951 1618 1166 1655 certaminis
1187 1617 1276 1655 suit:
1308 1618 1513 1667 improviso

262 1683 383 1720 adorti
417 1683 541 1732 primo
581 1683 748 1721 clamore
787 1690 901 1733 atque
935 1684 1082 1733 impetu
1120 1696 1280 1732 ceperc;
1323 1683 1513 1732 direptum

210 1754 249 1783 10
262 1747 448 1797 oppidum
481 1755 595 1797 atque
624 1748 824 1785 incensum
857 1755 924 1785 est.
979 1747 1224 1786 Contenebra
1258 1760 1400 1797 paucos
1433 1747 1514 1785 dies

262 1813 589 1862 oppugnationem
610 1813 796 1858 sustinuit,
812 1813 994 1862 laborque
1015 1813 1227 1857 continuus,
1248 1825 1327 1849 non
1347 1812 1418 1857 die,
1434 1824 1513 1850 non

263 1885 374 1915 nocte
398 1878 588 1923 remissus,
609 1879 757 1927 subegit
777 1890 854 1916 eos.
913 1878 1045 1924 Quum
1071 1878 1108 1914 in
1135 1890 1202 1915 sex
1223 1885 1349 1927 partes
1375 1877 1515 1915 divisus

262 1944 448 1980 exercitus
465 1942 667 1980 Romanus
683 1944 782 1980 senis
802 1944 904 1981 horis
920 1944 958 1980 in
973 1944 1105 1982 orbem
1126 1943 1342 1980 succederet
1358 1942 1515 1991 proelio,

262 2008 476 2057 oppidanos
495 2008 653 2046 eosdem
673 2009 822 2057 integro
837 2021 986 2058 semper
1000 2008 1194 2046 certamini
1210 2008 1379 2056 paucitas
1394 2007 1516 2045 fessos

262 2074 452 2118 obiiceret,
477 2085 624 2110 cessere
647 2073 813 2118 tandem,
833 2073 1015 2122 locusque
1044 2072 1244 2110 invadendi
1272 2073 1407 2109 urbem
1437 2071 1516 2109 Ro-

210 2141 246 2170 11
262 2139 385 2175 manis
405 2138 514 2175 datus
534 2144 600 2175 est.
645 2137 833 2176 Publicari
853 2138 1033 2187 praedam
1053 2138 1211 2174 tribunis
1231 2137 1428 2186 placebat;
1449 2137 1517 2174 sed

262 2203 462 2252 imperium
489 2215 607 2253 quam
633 2203 833 2241 consilium
859 2203 1012 2252 segnius
1038 2202 1126 2249 suit;
1161 2202 1253 2240 dum
1279 2209 1515 2247 cunctantur,
