1736 2521
385 139 465 182 162
771 149 900 189 LIVY,
930 150 1067 182 BOOK
1089 150 1148 183 VJ.
1169 154 1238 193 40.

181 262 263 292 20.
280 263 370 292 368.
383 255 460 301 viri,
482 255 617 293 dicitur
636 255 727 293 odio
746 256 869 304 magis
887 256 1016 306 iraque
1037 268 1152 307 quam
1173 269 1240 306 spe
1262 257 1308 295 ad
1334 256 1634 295 dissuadendum

384 322 615 371 processisse
658 328 696 359 et
733 322 882 360 locutus
924 322 963 359 in
1008 321 1108 361 hanc
1149 322 1227 360 fere
1269 323 1495 360 sententiam
1540 334 1633 360 esse.

351 385 545 436 3‘Neque
574 399 715 425 novum
745 399 871 437 neque
904 387 1144 436 inopinatum
1178 387 1269 424 mihi
1302 388 1359 433 sit,
1381 387 1561 433 Quirites,
1589 387 1632 433 si,

383 452 487 502 quod
513 464 633 488 unum
659 452 823 490 familiae
847 460 999 490 nostrae
1026 465 1174 502 semper
1200 454 1391 491 obiectum
1415 459 1472 490 est
1499 452 1548 489 ab
1577 463 1633 489 se-

383 517 527 555 ditiosis
558 518 728 563 tribunis,
759 517 798 555 id
829 530 931 555 nunc
962 530 1036 567 ego
1069 530 1223 568 quoque
1258 518 1422 564 audiam,
1452 516 1635 555 Claudiae

383 584 485 634 genti
524 584 600 620 iam
639 583 728 621 inde
759 584 808 620 ab
845 583 953 622 initio
988 583 1080 621 nihil
1116 584 1308 633 antiquius
1339 584 1378 620 in
1413 596 1452 621 re
1483 581 1636 632 publica

382 655 533 699 patrum
555 649 753 686 maiestate
780 648 906 693 fuisse,
935 661 1084 698 semper
1112 649 1232 699 plebis
1261 648 1474 686 commodis
1503 647 1634 685 adver-

351 720 486 751 4sat0s
514 727 607 752 esse.
665 714 842 760 Quorum
872 714 1033 751 alterum
1061 727 1186 764 neque
1216 726 1316 763 nego
1346 725 1470 763 neque
1496 712 1636 749 infitias

382 791 440 825 eo,
463 791 544 824 nos,
567 791 614 817 ex
634 792 711 830 quo
732 780 864 817 adsciti
885 792 1017 817 sumus
1038 779 1149 817 simul
1170 780 1208 816 in
1229 779 1416 816 civitatem
1440 786 1477 815 et
1497 784 1635 827 patres,

381 845 492 882 enixe
531 857 688 894 operam
726 845 886 892 dedisse,
916 853 958 883 ut
994 858 1061 895 per
1097 857 1170 882 nos
1208 853 1319 882 aucta
1355 843 1482 893 potius
1519 854 1635 891 quam

382 910 582 946 imminuta
610 911 790 948 maiestas
824 923 954 948 earum
989 910 1171 959 gentium,
1198 910 1295 946 inter
1325 921 1420 959 quas
1450 920 1520 946 nos
1551 920 1635 946 esse

350 975 561 1021 5voluistis,
583 975 656 1013 dici
684 988 769 1014 vere
797 983 947 1026 posset;
981 975 1072 1012 illud
1101 975 1260 1012 alterurn
1289 986 1359 1023 pro
1389 986 1452 1011 me
1480 971 1635 1011 maioriss

382 1041 529 1090 busque
565 1042 660 1079 meis
689 1041 920 1079 contendere
953 1041 1087 1085 ausim,
1114 1039 1293 1086 Quirites,
1325 1039 1407 1083 nisi,
1437 1051 1535 1088 quae
1568 1051 1636 1088 pro

382 1106 556 1144 universa
577 1119 615 1144 re
634 1107 788 1156 publica
806 1107 909 1153 fiant,
931 1119 977 1144 ea
996 1105 1096 1155 plebi
1117 1112 1300 1154 tanquam
1321 1105 1434 1141 aliam
1454 1103 1636 1142 incolenti

383 1173 519 1209 urbem
539 1172 697 1210 adversa
717 1173 802 1222 quis
821 1179 938 1222 putet,
960 1171 1053 1209 nihil
1073 1183 1145 1208 nos
1170 1182 1293 1219 neque
1320 1170 1486 1219 privatos
1512 1181 1637 1218 neque

383 1238 422 1274 in
450 1238 742 1288 magistratibus,
766 1238 870 1288 quod
897 1236 1190 1276 incommodum
1219 1235 1320 1285 plebi
1346 1242 1454 1282 esset,
1476 1235 1637 1273 scientes

382 1303 528 1350 fecisse,
549 1316 620 1341 nec
648 1304 766 1341 ullum
793 1304 933 1342 factum
959 1303 1147 1341 dictumve
1174 1309 1348 1339 nostrum
1378 1306 1511 1338 eontra
1539 1301 1636 1338 utili-

383 1375 499 1406 tatem
527 1377 702 1415 vestram,
732 1371 800 1407 etsi
830 1369 1020 1419 quaedam
1054 1375 1186 1406 contra
1220 1366 1456 1404 voluntatem
1489 1365 1636 1411 fuerint,

351 1443 469 1472 6vere
490 1433 617 1471 referri
637 1447 760 1483 posse.
817 1434 880 1471 An
908 1433 994 1479 hoc,
1017 1433 1046 1470 si
1067 1432 1247 1470 Claudiae
1269 1431 1431 1469 familiae
1459 1443 1539 1468 non
1565 1431 1637 1468 sim

384 1511 455 1537 nec
481 1511 528 1536 ex
554 1500 714 1549 patricio
741 1500 925 1549 sanguine
945 1506 1061 1544 ortus,
1085 1498 1152 1535 sed
1176 1509 1276 1534 unus
1297 1496 1504 1543 Quiritium
1530 1496 1638 1545 quili-

383 1564 459 1610 bet,
491 1565 556 1614 qui
590 1566 709 1603 modo
739 1578 800 1602 me
835 1565 984 1603 duobus
1018 1563 1194 1612 ingenuis
1228 1570 1355 1601 ortum
1384 1569 1419 1600 et
1448 1562 1570 1599 vivere
1599 1562 1639 1598 in

352 1629 503 1667 7libera
527 1630 673 1667 ciritate
700 1631 830 1675 sciam,
852 1630 1008 1667 reticere
1032 1629 1187 1678 possim,
1209 1628 1252 1665 L.
1274 1628 1378 1664 illum
1405 1626 1577 1664 Sextium
1603 1633 1639 1663 et

386 1694 430 1732 C.
461 1694 660 1741 Licinium,
694 1702 908 1744 perpetuos,
940 1695 970 1732 si
1009 1695 1066 1731 dis
1110 1694 1244 1743 placet,
1275 1694 1459 1738 tribunos,
1492 1699 1640 1729 tantum

384 1759 556 1797 licentiae
576 1772 714 1797 novem
735 1761 856 1807 annis,
879 1760 1019 1809 quibus
1039 1766 1212 1809 regnant,
1233 1759 1449 1808 sumpsisse,
1470 1764 1511 1794 ut
1531 1757 1640 1795 vobis

385 1832 526 1874 negent
549 1832 778 1874 potestatem
805 1826 962 1863 liberam
992 1826 1171 1875 suffragii,
1193 1838 1272 1862 non
1302 1825 1340 1861 in
1364 1824 1538 1870 comitiis,
1561 1835 1640 1860 non

353 1891 425 1930 Sin
450 1891 598 1939 legibus
627 1890 814 1937 iubendis,
845 1903 885 1928 se
914 1891 1164 1940 permissuros
1191 1891 1301 1928 esse?
1360 1889 1477 1926 “Sub
1507 1888 1641 1926 condi-

385 1956 534 1994 cione''
555 1956 688 2005 inquit,
711 1959 820 1994 “nos
850 1956 1024 1994 reficietis
1048 1956 1239 1994 decimum
1269 1953 1478 1992 tribunos.’'
1536 1951 1642 1999 Quid

386 2029 443 2059 est
463 2021 564 2059 aliud
585 2022 733 2059 dicere:
766 2021 919 2068 “Quod
942 2028 1076 2071 petunt
1099 2021 1172 2067 alii,
1195 2033 1266 2058 nos
1293 2020 1391 2057 adeo
1418 2018 1642 2065 fastidimus,

355 2094 428 2124 9ut
459 2088 540 2124 sine
573 2086 750 2124 mercede
781 2099 936 2150 magna
957 2099 1036 2124 non
1057 2084 1368 2150 acclpiamus?
1375 2118 1381 2127 s
1427 2084 1504 2134 Sed
1542 2095 1641 2132 quae

387 2152 543 2190 tandem
571 2152 643 2189 ista
673 2130 842 2189 {eroes
846 2136 959 2198 est',
937 2142 1015 2201 qua
1039 2139 1108 2189 vo's
1133 2162 1287 2200 semper
1316 2136 1500 2187 tribunos
1508 2131 1642 2198 plebis

388 2217 625 2254 habeamus?
668 2216 757 2253 “Ut
777 2214 1168 2266 rogationes''inquit
1187 2218 1383 2261 “nostras
1406 2226 1472 2252 seu
1491 2213 1643 2263 placent

389 2293 457 2319 seu
492 2281 702 2331 displicent,
733 2293 800 2319 seu
837 2281 947 2319 utiles
980 2293 1046 2318 seu
1076 2279 1228 2318 inutiles
1261 2286 1358 2327 sunt,
1385 2290 1522 2317 omnes
1550 2290 1642 2316 con-
