1736 2521
374 102 455 132 210
712 99 841 140 Hm}
867 98 1005 131 BOOK
1027 99 1107 131 VII.
1131 102 1283 146 30-32.

165 203 461 241 3.c.a4³.hinc
490 203 673 241 ferentem
702 211 1005 254 prospectantes,
1036 211 1183 242 certum
1221 204 1358 242 habeo.
1415 202 1521 250 Quid
1559 203 1630 242 illis

371 281 453 314 nos,
474 276 601 318 patres
631 270 848 320 conscripti,
871 270 1037 307 sollicitis
1067 282 1111 308 ac
1141 258 1402 319 pendentibus
1419 260 1541 307 'animi
1571 281 1630 306 re-

318 345 358 376 23
373 336 546 372 nuntiare
567 335 731 372 iubetis?
778 335 953 372 Alterum
977 348 1206 385 responsum
1226 336 1400 382 salutem,
1421 335 1630 381 victoriam,

371 401 495 437 lucem
515 412 558 437 ac
580 400 790 437 libertatem
803 413 812 446 ;
844 400 1014 446 alterum,
1038 401 1202 438 ominari
1226 400 1376 446 horreo,
1397 412 1496 450 quae
1523 399 1630 438 ferat.

371 465 539 503 Proinde
569 473 609 502 ut
638 472 703 503 aut
732 465 778 503 de
799 466 930 503 vestris
955 466 1089 503 suturis
1119 467 1232 504 sociis
1261 473 1375 516 atque
1405 466 1538 504 amicis
1566 473 1632 503 aut

372 543 564 581 nusquam
585 531 669 568 ullis
690 531 823 568 futuris
843 531 956 569 nobis
977 530 1187 569 consulite.'

210 642 284 675 Ch,
301 641 357 675 31.
376 643 390 678 ξ
412 649 438 670 1.
469 641 502 671 T
498 640 536 670 lte
549 645 667 677 senate,
683 640 823 681 through
842 640 894 671 tlte
909 641 1044 678 consuls,
1062 640 1169 681 ras-use
1185 644 1215 671 to
1230 640 1302 671 take
1317 644 1363 681 up
1377 650 1479 678 arms,
1490 639 1548 670 but
1555 643 1632 681 pro-

460 692 540 722 mise
549 697 579 722 to
588 693 706 732 appcal
711 697 742 723 to
753 693 806 723 the
816 692 990 722 Samnites.
1040 695 1055 729 ξ
1074 703 1103 731 4.
1135 692 1324 732 Thercupon
1338 692 1390 722 tlte
1406 691 1633 732 Campanians

459 743 639 774 surrendcr
650 743 835 774 themselves
850 748 880 774 to
897 744 997 774 Rome
1012 754 1048 774 as
1063 743 1196 785 sulgjccls
1207 753 1217 773 .·
1240 743 1311 774 and
1318 743 1371 774 tlte
1384 744 1530 774 Romans
1539 752 1634 783 agree

461 799 492 825 to
511 795 629 836 defend
645 795 734 826 tlzeir
755 795 845 826 land.
897 796 929 826 T
925 795 984 835 lacy
1004 795 1085 826 send
1099 806 1143 826 an
1165 795 1306 835 cmbassy
1329 800 1360 826 to
1382 795 1434 826 tlte
1455 795 1631 834 Samnites,

461 846 534 877 who
554 851 639 878 treat
659 847 687 878 it
705 847 786 878 with
808 857 994 888 arrogance,
1015 847 1087 877 and
1101 852 1136 878 at
1156 858 1230 878 once
1251 857 1370 888 ravage
1393 847 1589 888 Campania.

344 932 362 961 1
431 926 641 965 Summotis
661 927 799 966 deinde
821 928 964 977 legatis,
985 940 1105 978 quum
1125 928 1322 965 consultus
1348 935 1502 965 senatus
1521 935 1631 976 esset,

375 993 445 1030 etsi
471 1005 636 1042 magnae
662 994 757 1043 parti
781 994 870 1032 urbs
896 994 1066 1030 maxima
1090 993 1458 1043 opulentissimaque
1488 993 1631 1040 Italiae,

374 1059 588 1096 uberrimus
608 1071 699 1108 ager
718 1060 891 1109 marique
908 1060 1147 1110 propinquus
1168 1059 1216 1097 ad
1235 1059 1432 1097 varietates
1454 1071 1633 1097 annonae

375 1123 556 1161 horreum
575 1125 707 1174 populi
733 1125 900 1163 Romani
922 1125 1002 1164 sore
1023 1125 1232 1171 videbatur,
1255 1132 1383 1163 tamen
1403 1131 1508 1163 tanta
1533 1126 1633 1163 utili-

376 1198 451 1228 tate
485 1191 579 1228 fides
614 1192 803 1242 antiquior
838 1191 915 1237 suit‚
951 1191 1222 1241 responditque
1253 1191 1303 1229 ita
1334 1204 1382 1229 ex
1410 1192 1633 1229 auctoritate

345 1262 532 1293 2senatus
570 1257 728 1294 consul:
760 1257 936 1295 ‘Auxilio
975 1268 1054 1301 VOS,
1091 1257 1292 1307 Campani,
1327 1257 1464 1307 dignos
1504 1264 1634 1295 censet
1682 1277 1687 1280 ⁴

378 1328 555 1367 senatus;
585 1322 652 1359 sed
682 1323 733 1359 ita
761 1323 956 1360 vobiscum
987 1323 1193 1360 amicitiam
1223 1323 1364 1360 institui
1394 1335 1461 1372 par
1490 1330 1557 1367 est,
1585 1335 1633 1360 ne

378 1398 455 1435 qua
473 1387 654 1424 vetustior
677 1388 844 1424 amicitia
869 1400 913 1425 ac
942 1388 1104 1425 societas
1124 1387 1292 1425 violetur.
1351 1388 1538 1427 Samnites
1565 1401 1632 1427 no-

377 1452 528 1489 biscum
544 1451 695 1490 foedere
711 1453 827 1490 iuncti
848 1462 948 1491 sunt.
993 1454 1127 1502 Itaque
1147 1466 1265 1500 arma,
1284 1454 1376 1492 deos
1392 1455 1496 1504 prius
1516 1466 1633 1504 quam

377 1517 554 1554 homines
591 1518 786 1563 violatura,
826 1520 1006 1557 adversus
1051 1520 1239 1558 Samnites
1278 1521 1386 1558 vobis
1424 1532 1633 1570 negamus;

347 1583 537 1632 3legatos‚
559 1583 654 1620 sicut
680 1583 737 1620 ius
763 1583 896 1634 fasque
921 1594 987 1632 est,
1010 1586 1057 1622 ad
1084 1587 1212 1623 socios
1243 1593 1356 1635 atque
1382 1586 1528 1623 amicos
1550 1597 1634 1634 pre-

381 1656 509 1686 catum
537 1648 743 1694 mittemus,
765 1663 812 1687 ne
843 1663 919 1699 qua
948 1652 1056 1688 vobis
1085 1651 1139 1688 vis
1167 1650 1254 1688 fiat.'
1312 1651 1373 1688 Ad
1393 1663 1439 1689 ea
1458 1651 1635 1700 princeps

380 1714 580 1763 legationis
600 1712 669 1764 (sic
690 1715 792 1751 enim
814 1716 932 1753 domo
952 1717 1176 1753 mandatum
1200 1715 1417 1767 attulerant)
1441 1715 1634 1762 ‘Quando

381 1780 538 1830 quidem
551 1778 560 1792 '
581 1780 714 1829 inquit,
733 1784 741 1800 ‘
757 1772 887 1819 nostra
908 1782 1002 1819 tueri
1023 1782 1203 1819 adversus
1223 1783 1297 1819 vim
1321 1789 1435 1831 atque
1459 1781 1634 1819 iniuriam

349 1850 368 1880 4
383 1845 478 1881 iusta
498 1845 532 1880 vi
552 1857 631 1882 non
652 1846 773 1891 vultis,
794 1854 918 1883 vestra
941 1854 1040 1884 certe
1067 1846 1287 1884 defendetis.
1344 1847 1481 1896 Itaque
1510 1857 1634 1895 popu-

380 1909 459 1946 lum
480 1909 724 1960 Campanum
744 1912 956 1961 urbemque
976 1912 1163 1962 Capuam,
1184 1924 1308 1962 agros,
1329 1912 1486 1949 delubra
1505 1911 1632 1957 deum,

381 1975 507 2012 divina
536 1975 782 2026 humanaque
815 1978 946 2014 omnia
977 1978 1015 2014 in
1048 1985 1222 2021 vestram,
1256 1984 1382 2026 patres
1417 1975 1632 2025 conscripti,

380 2041 590 2091 populique
626 2041 795 2079 Romani
829 2043 1021 2080 dicionem
1059 2042 1245 2089 dedimus,
1281 2042 1462 2092 quicquid
1496 2039 1634 2078 deinde

350 2120 369 2151 5
383 2107 582 2155 patiemur,
603 2107 768 2144 dediticii
789 2108 899 2145 vestri
920 2108 1090 2158 passuri.'
1148 2108 1228 2146 Sub
1249 2108 1343 2145 haec
1364 2108 1463 2145 dicta
1486 2117 1632 2152 omnes,

383 2184 522 2209 manus
555 2173 603 2210 ad
637 2173 814 2211 consules
849 2174 1057 2219 tendentes,
1081 2174 1183 2223 pleni
1213 2174 1456 2212 lacrimarum
1484 2173 1523 2209 in
1550 2183 1633 2209 ves-

352 2237 503 2275 6tibulo
527 2239 652 2278 curiae
676 2239 971 2288 procubuerunt.
1030 2239 1224 2277 Commoti
1252 2246 1377 2289 patres
1405 2239 1484 2276 vice
1513 2237 1634 2275 fortu-
