1736 2521
382 130 459 181 156
726 136 856 179 LJVY,
886 136 1024 168 BOOK
1046 136 1104 168 VJ.
1131 128 1199 183 36,
1221 136 1288 181 37.

171 253 255 281 nc.
272 252 363 282 3⁹70.
377 244 502 294 ipsum
527 243 683 281 moenia
707 242 938 292 compulere,
961 242 1313 291 obsidebanturque
1335 240 1439 278 haud
1462 240 1576 291 paulo
1596 241 1630 278 vi

345 306 520 347 5mai0re
539 309 717 355 Velitrae,
741 320 858 358 quam
885 307 1103 345 Tusculum
1133 308 1332 346 obsessum
1360 306 1490 344 suerat.
1548 305 1631 344 Nee

376 382 504 412 tamen
524 375 574 412 ab
600 375 664 421 eis,
687 386 709 411 a
736 374 876 422 quibus
900 373 1067 410 obsideri
1094 380 1254 421 coeptae
1281 379 1400 418 erant,
1420 372 1631 421 expugnari

345 447 557 490 epotuere;
588 447 676 476 ante
705 439 793 476 novi
826 438 940 476 creati
969 445 1057 475 sunt
1086 437 1225 475 tribuni
1255 437 1428 483 militurn,
1465 436 1512 484 Q.
1547 436 1632 474 Ser-

171 514 254 543 ΒΩ.
272 506 491 552 scavinus,
524 505 568 543 C.
597 505 790 551 Veturius,
821 504 869 541 A.
899 511 936 541 et
965 503 1020 541 M.
1052 503 1233 548 Cornelii,
1263 502 1313 549 Q.
1336 502 1552 549 Quinctius,
1576 501 1631 540 M.

377 571 527 608 Fabius.
599 570 706 607 Nihil
744 582 794 607 ne
833 571 882 607 ab
920 569 964 607 iis
1002 569 1157 619 quidem
1194 569 1354 606 tribunis
1392 568 1441 605 ad
1469 567 1634 605 Velitras

346 643 362 675 7
377 636 625 674 memorabile
654 636 810 674 sactum.
867 635 915 672 In
941 635 1085 672 maiore
1110 635 1327 672 discrimine
1348 634 1451 672 domi
1472 646 1532 672 res
1550 646 1632 672 ver-

377 703 562 740 tebantur.
634 701 738 739 Nam
776 708 928 751 praeter
974 701 1146 739 Sextium
1185 700 1455 750 Liciniumque
1493 700 1634 738 latores

377 769 516 817 legum,
556 768 633 804 iam
672 774 852 805 octavum
898 767 1070 804 tribunos
1114 766 1237 816 plebis
1274 766 1451 812 refectos,
1491 765 1634 819 Fabius

378 846 531 884 quoque
561 834 735 872 tribunus
764 833 938 879 militum,
973 831 1140 870 Stolonis
1169 844 1290 878 socer,
1313 843 1476 881 quarum
1505 831 1632 880 legum

377 906 508 938 auctor
536 899 668 946 fuerat,
694 911 825 937 earum
855 910 1056 936 suasorem
1086 910 1125 935 se
1154 897 1258 934 haud
1288 897 1446 934 dubium
1475 897 1632 943 serebat,

347 972 414 1003 Set
433 977 552 1016 quum
581 972 670 1003 octo
699 978 747 1003 ex
777 964 939 1014 collegio
967 964 1208 1002 tribunorum
1236 963 1336 1013 plebi
1364 963 1490 1012 primo
1519 962 1634 1000 inter-

378 1043 548 1070 cessores
578 1031 707 1081 legum
737 1031 906 1077 fuissent,
939 1031 1108 1088 quinque
1138 1029 1208 1067 soli
1237 1036 1355 1077 erant,
1377 1037 1424 1095 et,
1447 1037 1487 1067 ut
1517 1028 1634 1066 ferme

377 1097 514 1144 solent,
536 1098 601 1147 qui
630 1109 653 1134 a
682 1097 758 1135 suis
785 1097 1019 1142 desciscunt,
1027 1084 1176 1168 eapti
1163 1102 1210 1133 et
1228 1101 1431 1162 stupentes,
1455 1095 1592 1145 animis
1611 1109 1635 1132 a

345 1167 470 1200 9voce
491 1162 633 1208 alienis,
653 1163 692 1200 id
717 1162 847 1209 modo,
871 1148 983 1212 quod
994 1146 1109 1200 domi
1139 1148 1385 1211 praeceptum
1400 1144 1534 1206 efai,
1525 1168 1634 1198 mter-

378 1228 541 1266 cessioni
579 1240 669 1265 suae
708 1227 1022 1277 praetendebant,
1046 1226 1199 1264 Velitris
1237 1226 1276 1263 in
1308 1227 1474 1264 exercitu
1514 1226 1635 1276 plebis

378 1306 561 1343 magnam
594 1301 742 1343 partem
773 1295 931 1339 abesse;
976 1293 1015 1330 in
1049 1293 1253 1331 adventum
1285 1292 1447 1329 militum
1480 1292 1636 1330 comitia

379 1359 520 1397 differri
558 1359 707 1405 debere,
747 1365 788 1395 ut
825 1359 999 1395 universa
1039 1358 1169 1407 plebes
1208 1358 1255 1395 de
1295 1358 1371 1396 suis
1421 1357 1635 1396 commodis

327 1431 365 1461 10
379 1425 602 1475 suffragium
631 1424 754 1462 ferret.
813 1424 962 1461 Sextius
992 1423 1238 1473 Liciniusque
1270 1436 1357 1461 eum
1386 1431 1492 1473 parte
1521 1425 1633 1462 colle-

377 1503 514 1540 garum
535 1498 571 1528 et
590 1503 670 1528 uno
694 1503 741 1527 ex
766 1491 925 1528 tribunis
953 1491 1113 1527 militum
1145 1489 1275 1536 Fabio,
1299 1489 1463 1527 artifices
1482 1490 1559 1527 iam
1580 1497 1634 1527 tot

377 1568 568 1594 annorum
596 1568 668 1593 usu
698 1555 884 1593 tractandi
917 1556 1066 1593 animos
1098 1555 1230 1604 plebis,
1263 1555 1451 1605 primores
1484 1563 1633 1605 patrum

377 1622 586 1672 productos
614 1621 885 1671 interrogando
918 1621 965 1658 de
999 1620 1168 1670 singulis,
1202 1633 1302 1670 quae
1336 1620 1553 1658 serebantur
1586 1619 1635 1658 ad

326 1699 365 1728 11
379 1688 575 1738 populum,
597 1687 806 1737 fatigabant
818 1700 827 1733 ;
859 1686 1090 1724 auderentne
1110 1686 1311 1735 postulare,
1334 1693 1385 1732 ut,
1405 1698 1526 1736 quum
1545 1686 1636 1723 bina

378 1754 508 1804 iugera
527 1754 608 1802 agri
630 1753 730 1803 plebi
755 1753 1018 1798 dividerentur,
1048 1751 1140 1801 ipsis
1164 1751 1248 1800 plus
1276 1751 1486 1800 quingenta
1504 1751 1635 1801 iugera

380 1819 520 1857 habere
539 1819 678 1866 liceret,
700 1825 740 1855 ut
761 1818 900 1867 singuli
926 1829 1046 1867 prope
1075 1823 1332 1854 trecentorum
1353 1817 1492 1853 civium
1512 1817 1634 1866 possi-

379 1886 511 1923 derent
531 1897 657 1934 agros,
680 1884 830 1934 plebeio
860 1883 1007 1920 homini
1035 1883 1097 1919 vix
1127 1881 1176 1919 ad
1205 1889 1345 1919 tectum
1376 1883 1634 1920 necessarium

326 1961 367 1990 12
380 1958 443 1988 aut
462 1951 592 1988 locum
614 1950 830 1999 sepulturae
847 1961 938 1986 suus
954 1954 1099 1998 pateret
1114 1960 1203 1997 ager
1218 1948 1230 1984 ?
1248 1960 1297 1984 an
1313 1947 1488 1997 placeret,
1502 1947 1635 1986 fenore

379 2017 675 2054 circumventam
701 2015 862 2064 plebem,
884 2014 1011 2063 potius
1037 2025 1153 2063 quam
1177 2019 1276 2050 sorte
1301 2014 1484 2051 creditum
1505 2013 1634 2060 solvat,

380 2094 518 2131 corpus
539 2082 578 2118 in
598 2092 758 2118 nervum
784 2092 829 2117 ae
857 2079 1041 2129 supplicia
1065 2078 1166 2124 dare,
1188 2085 1225 2116 et
1250 2079 1435 2128 gregatim
1465 2079 1634 2128 quotidie

380 2147 426 2184 de
451 2147 534 2184 soro
561 2146 735 2183 addictos
759 2145 857 2191 duci,
879 2151 915 2182 et
944 2144 1079 2193 repleri
1098 2144 1234 2182 vinctis
1263 2144 1411 2181 nobiles
1435 2144 1573 2182 domus
1599 2152 1635 2183 et

378 2211 609 2261 ubicumque
628 2210 805 2261 patricius
824 2209 980 2256 habitet,
1000 2209 1051 2247 ibi
1071 2221 1266 2247 carcerem
1286 2210 1473 2260 privatum
1492 2209 1602 2248 esse?
