<?xml version="1.0" encoding="UTF-8"?>
<!DOCTYPE html PUBLIC "-//W3C//DTD XHTML 1.0 Transitional//EN"
    "http://www.w3.org/TR/xhtml1/DTD/xhtml1-transitional.dtd">
<html xmlns="http://www.w3.org/1999/xhtml" xml:lang="en" lang="en">
 <head>
  <title>
</title>
<meta http-equiv="Content-Type" content="text/html;charset=utf-8" />
  <meta name='ocr-system' content='tesseract 3.04.00' />
  <meta name='ocr-capabilities' content='ocr_page ocr_carea ocr_par ocr_line ocrx_word'/>
</head>
<body>
  <div class='ocr_page' id='page_1' title='image "./booksvvivii00livyuoft_0109.png"; bbox 0 0 1637 2554; ppageno 0'>
   <div class='ocr_carea' id='block_1_1' title="bbox 454 132 1364 185">
    <p class='ocr_par' dir='ltr' id='par_1_1' title="bbox 454 132 1364 185">
     <span class='ocr_line' id='line_1_1' title="bbox 454 132 1364 185; baseline 0.002 -14"><span class='ocrx_word' id='word_1_1' title='bbox 454 140 556 171; x_wconf 77' lang='lat' dir='ltr'>THE</span> <span class='ocrx_word' id='word_1_2' title='bbox 590 140 747 172; x_wconf 79' lang='lat' dir='ltr'><em>GAULS</em></span> <span class='ocrx_word' id='word_1_3' title='bbox 773 141 846 172; x_wconf 87' lang='lat' dir='ltr'>AT</span> <span class='ocrx_word' id='word_1_4' title='bbox 869 140 1024 172; x_wconf 83' lang='lat' dir='ltr'><em>ROME.</em></span> <span class='ocrx_word' id='word_1_5' title='bbox 1312 132 1364 185; x_wconf 85' lang='lat'>87</span> 
     </span>
    </p>
   </div>
   <div class='ocr_carea' id='block_1_2' title="bbox 102 245 1568 1532">
    <p class='ocr_par' dir='ltr' id='par_1_2' title="bbox 102 245 1568 1532">
     <span class='ocr_line' id='line_1_2' title="bbox 105 245 1568 295; baseline 0.001 -13"><span class='ocrx_word' id='word_1_6' title='bbox 105 245 281 283; x_wconf 83' lang='lat' dir='ltr'>frumenti</span> <span class='ocrx_word' id='word_1_7' title='bbox 310 252 470 294; x_wconf 88' lang='lat' dir='ltr'>poterat,</span> <span class='ocrx_word' id='word_1_8' title='bbox 501 258 549 283; x_wconf 84' lang='lat' dir='ltr'>ex</span> <span class='ocrx_word' id='word_1_9' title='bbox 580 246 673 283; x_wconf 84' lang='lat' dir='ltr'>urbe</span> <span class='ocrx_word' id='word_1_10' title='bbox 706 245 826 283; x_wconf 84' lang='lat' dir='ltr'>effusa</span> <span class='ocrx_word' id='word_1_11' title='bbox 855 246 956 283; x_wconf 89' lang='lat' dir='ltr'>velut</span> <span class='ocrx_word' id='word_1_12' title='bbox 992 245 1148 295; x_wconf 84' lang='lat' dir='ltr'>agmine</span> <span class='ocrx_word' id='word_1_13' title='bbox 1179 246 1255 283; x_wconf 88' lang='lat' dir='ltr'>iam</span> <span class='ocrx_word' id='word_1_14' title='bbox 1284 258 1362 284; x_wconf 90' lang='lat' dir='ltr'>uno</span> <span class='ocrx_word' id='word_1_15' title='bbox 1377 255 1459 284; x_wconf 57' lang='lat' dir='ltr'>ac.</span> <span class='ocrx_word' id='word_1_16' title='bbox 1479 256 1568 283; x_wconf 81' lang='grc'><strong>390.</strong></span> 
     </span>
     <span class='ocr_line' id='line_1_3' title="bbox 105 310 1394 361; baseline 0 -13"><span class='ocrx_word' id='word_1_17' title='bbox 105 312 210 361; x_wconf 84' lang='lat' dir='ltr'>petiit</span> <span class='ocrx_word' id='word_1_18' title='bbox 231 311 456 348; x_wconf 82' lang='lat' dir='ltr'><strong>Ianiculum.</strong></span> <span class='ocrx_word' id='word_1_19' title='bbox 514 310 610 348; x_wconf 89' lang='lat' dir='ltr'>Inde</span> <span class='ocrx_word' id='word_1_20' title='bbox 630 323 719 360; x_wconf 83' lang='lat' dir='ltr'>pars</span> <span class='ocrx_word' id='word_1_21' title='bbox 741 323 808 360; x_wconf 90' lang='lat' dir='ltr'>per</span> <span class='ocrx_word' id='word_1_22' title='bbox 829 323 942 360; x_wconf 83' lang='lat' dir='ltr'>agros</span> <span class='ocrx_word' id='word_1_23' title='bbox 969 311 1117 360; x_wconf 82' lang='lat' dir='ltr'>dilapsi,</span> <span class='ocrx_word' id='word_1_24' title='bbox 1140 324 1228 360; x_wconf 89' lang='lat' dir='ltr'>pars</span> <span class='ocrx_word' id='word_1_25' title='bbox 1249 312 1362 348; x_wconf 90' lang='lat' dir='ltr'>urbes</span> <span class='ocrx_word' id='word_1_26' title='bbox 1376 313 1394 342; x_wconf 88' lang='grc'><strong>6</strong></span> 
     </span>
     <span class='ocr_line' id='line_1_4' title="bbox 104 376 1362 427; baseline -0.002 -12"><span class='ocrx_word' id='word_1_27' title='bbox 104 385 237 427; x_wconf 91' lang='lat' dir='ltr'>petunt</span> <span class='ocrx_word' id='word_1_28' title='bbox 266 377 453 421; x_wconf 85' lang='lat' dir='ltr'>finitimas,</span> <span class='ocrx_word' id='word_1_29' title='bbox 475 376 554 414; x_wconf 90' lang='lat' dir='ltr'>sine</span> <span class='ocrx_word' id='word_1_30' title='bbox 583 376 661 413; x_wconf 91' lang='lat' dir='ltr'>ullo</span> <span class='ocrx_word' id='word_1_31' title='bbox 689 376 785 414; x_wconf 85' lang='lat' dir='ltr'>(luce</span> <span class='ocrx_word' id='word_1_32' title='bbox 814 384 877 413; x_wconf 90' lang='lat' dir='ltr'>aut</span> <span class='ocrx_word' id='word_1_33' title='bbox 904 388 1108 419; x_wconf 86' lang='lat' dir='ltr'>consensu,</span> <span class='ocrx_word' id='word_1_34' title='bbox 1130 388 1239 413; x_wconf 88' lang='lat' dir='ltr'>suam</span> <span class='ocrx_word' id='word_1_35' title='bbox 1259 377 1362 425; x_wconf 90' lang='lat' dir='ltr'>quis-</span> 
     </span>
     <span class='ocr_line' id='line_1_5' title="bbox 104 441 1361 490; baseline 0 -13"><span class='ocrx_word' id='word_1_36' title='bbox 104 453 178 490; x_wconf 86' lang='lat' dir='ltr'>que</span> <span class='ocrx_word' id='word_1_37' title='bbox 199 453 318 490; x_wconf 85' lang='lat' dir='ltr'>spem,</span> <span class='ocrx_word' id='word_1_38' title='bbox 339 454 406 479; x_wconf 92' lang='lat' dir='ltr'>sua</span> <span class='ocrx_word' id='word_1_39' title='bbox 426 441 596 485; x_wconf 86' lang='lat' dir='ltr'>consilia,</span> <span class='ocrx_word' id='word_1_40' title='bbox 618 441 888 479; x_wconf 89' lang='lat' dir='ltr'>communibus</span> <span class='ocrx_word' id='word_1_41' title='bbox 909 441 1127 490; x_wconf 77' lang='lat' dir='ltr'>deploratis,</span> <span class='ocrx_word' id='word_1_42' title='bbox 1144 447 1361 490; x_wconf 79' lang='lat' dir='ltr'>sequentes.</span> 
     </span>
     <span class='ocr_line' id='line_1_6' title="bbox 104 505 1395 555; baseline 0.002 -12"><span class='ocrx_word' id='word_1_43' title='bbox 104 505 263 544; x_wconf 79' lang='lat' dir='ltr'><strong>Flamen</strong></span> <span class='ocrx_word' id='word_1_44' title='bbox 302 507 451 543; x_wconf 88' lang='lat' dir='ltr'>interim</span> <span class='ocrx_word' id='word_1_45' title='bbox 486 506 694 553; x_wconf 87' lang='lat' dir='ltr'>Quirinalis</span> <span class='ocrx_word' id='word_1_46' title='bbox 728 507 969 555; x_wconf 82' lang='lat' dir='ltr'>virginesque</span> <span class='ocrx_word' id='word_1_47' title='bbox 1001 505 1187 550; x_wconf 81' lang='lat' dir='ltr'>Vestales,</span> <span class='ocrx_word' id='word_1_48' title='bbox 1219 506 1395 546; x_wconf 78' lang='lat' dir='ltr'>omissa?</span> 
     </span>
     <span class='ocr_line' id='line_1_7' title="bbox 103 571 1359 621; baseline -0.001 -13"><span class='ocrx_word' id='word_1_49' title='bbox 103 584 228 608; x_wconf 89' lang='lat' dir='ltr'>rerum</span> <span class='ocrx_word' id='word_1_50' title='bbox 249 583 402 608; x_wconf 90' lang='lat' dir='ltr'>suarum</span> <span class='ocrx_word' id='word_1_51' title='bbox 430 583 530 616; x_wconf 89' lang='lat' dir='ltr'>cura,</span> <span class='ocrx_word' id='word_1_52' title='bbox 553 583 652 620; x_wconf 89' lang='lat' dir='ltr'>quae</span> <span class='ocrx_word' id='word_1_53' title='bbox 682 583 880 609; x_wconf 85' lang='lat' dir='ltr'>sacrorum</span> <span class='ocrx_word' id='word_1_54' title='bbox 901 583 1031 608; x_wconf 90' lang='lat' dir='ltr'>secum</span> <span class='ocrx_word' id='word_1_55' title='bbox 1055 571 1224 617; x_wconf 83' lang='lat' dir='ltr'>ferenda,</span> <span class='ocrx_word' id='word_1_56' title='bbox 1247 583 1359 621; x_wconf 89' lang='lat' dir='ltr'>quae,</span> 
     </span>
     <span class='ocr_line' id='line_1_8' title="bbox 103 636 1362 686; baseline 0.001 -13"><span class='ocrx_word' id='word_1_57' title='bbox 103 638 194 686; x_wconf 85' lang='lat' dir='ltr'>quia</span> <span class='ocrx_word' id='word_1_58' title='bbox 213 637 307 674; x_wconf 84' lang='lat' dir='ltr'>vires</span> <span class='ocrx_word' id='word_1_59' title='bbox 335 637 384 674; x_wconf 88' lang='lat' dir='ltr'>ad</span> <span class='ocrx_word' id='word_1_60' title='bbox 413 637 544 676; x_wconf 89' lang='lat' dir='ltr'>omnia</span> <span class='ocrx_word' id='word_1_61' title='bbox 576 636 731 674; x_wconf 86' lang='lat' dir='ltr'>ferenda</span> <span class='ocrx_word' id='word_1_62' title='bbox 760 637 926 682; x_wconf 80' lang='lat' dir='ltr'>deerant,</span> <span class='ocrx_word' id='word_1_63' title='bbox 947 637 1197 686; x_wconf 84' lang='lat' dir='ltr'>relinquenda</span> <span class='ocrx_word' id='word_1_64' title='bbox 1224 645 1362 683; x_wconf 82' lang='lat' dir='ltr'>essent,</span> 
     </span>
     <span class='ocr_line' id='line_1_9' title="bbox 103 701 1391 752; baseline 0.001 -14"><span class='ocrx_word' id='word_1_65' title='bbox 103 701 372 747; x_wconf 85' lang='lat' dir='ltr'>consultantes,</span> <span class='ocrx_word' id='word_1_66' title='bbox 403 703 533 752; x_wconf 73' lang='lat' dir='ltr'>quisve</span> <span class='ocrx_word' id='word_1_67' title='bbox 561 714 606 739; x_wconf 88' lang='lat' dir='ltr'>ea</span> <span class='ocrx_word' id='word_1_68' title='bbox 635 701 744 739; x_wconf 90' lang='lat' dir='ltr'>locus</span> <span class='ocrx_word' id='word_1_69' title='bbox 774 702 874 739; x_wconf 87' lang='lat' dir='ltr'>fideli</span> <span class='ocrx_word' id='word_1_70' title='bbox 905 709 1161 740; x_wconf 85' lang='lat' dir='ltr'>asservaturus</span> <span class='ocrx_word' id='word_1_71' title='bbox 1188 702 1391 740; x_wconf 72' lang='lat' dir='ltr'>custodias</span> 
     </span>
     <span class='ocr_line' id='line_1_10' title="bbox 103 766 1360 816; baseline 0.001 -13"><span class='ocrx_word' id='word_1_72' title='bbox 103 774 212 811; x_wconf 89' lang='lat' dir='ltr'>esset,</span> <span class='ocrx_word' id='word_1_73' title='bbox 233 767 419 816; x_wconf 91' lang='lat' dir='ltr'>optimum</span> <span class='ocrx_word' id='word_1_74' title='bbox 441 767 585 804; x_wconf 85' lang='lat' dir='ltr'>ducunt</span> <span class='ocrx_word' id='word_1_75' title='bbox 605 767 758 805; x_wconf 89' lang='lat' dir='ltr'>condita</span> <span class='ocrx_word' id='word_1_76' title='bbox 779 767 817 804; x_wconf 93' lang='lat' dir='ltr'>in</span> <span class='ocrx_word' id='word_1_77' title='bbox 838 767 987 805; x_wconf 85' lang='lat' dir='ltr'>doliolis</span> <span class='ocrx_word' id='word_1_78' title='bbox 1012 766 1152 804; x_wconf 86' lang='lat' dir='ltr'>sacello</span> <span class='ocrx_word' id='word_1_79' title='bbox 1182 767 1360 816; x_wconf 81' lang='lat' dir='ltr'>proximo</span> 
     </span>
     <span class='ocr_line' id='line_1_11' title="bbox 104 831 1360 882; baseline 0.002 -14"><span class='ocrx_word' id='word_1_80' title='bbox 104 831 261 869; x_wconf 84' lang='lat' dir='ltr'>aedibus</span> <span class='ocrx_word' id='word_1_81' title='bbox 289 832 453 869; x_wconf 88' lang='lat' dir='ltr'>flaminis</span> <span class='ocrx_word' id='word_1_82' title='bbox 483 832 704 879; x_wconf 86' lang='lat' dir='ltr'>Quirinalis,</span> <span class='ocrx_word' id='word_1_83' title='bbox 735 833 800 870; x_wconf 91' lang='lat' dir='ltr'>ubi</span> <span class='ocrx_word' id='word_1_84' title='bbox 831 845 933 869; x_wconf 89' lang='lat' dir='ltr'>nunc</span> <span class='ocrx_word' id='word_1_85' title='bbox 964 832 1097 881; x_wconf 82' lang='lat' dir='ltr'>despui</span> <span class='ocrx_word' id='word_1_86' title='bbox 1130 832 1264 882; x_wconf 88' lang='lat' dir='ltr'>religio</span> <span class='ocrx_word' id='word_1_87' title='bbox 1294 839 1360 878; x_wconf 89' lang='lat' dir='ltr'>est,</span> 
     </span>
     <span class='ocr_line' id='line_1_12' title="bbox 103 895 1362 947; baseline 0.002 -15"><span class='ocrx_word' id='word_1_88' title='bbox 103 895 303 943; x_wconf 86' lang='lat' dir='ltr'>defodere;</span> <span class='ocrx_word' id='word_1_89' title='bbox 341 904 466 934; x_wconf 88' lang='lat' dir='ltr'>cetera</span> <span class='ocrx_word' id='word_1_90' title='bbox 500 898 596 935; x_wconf 88' lang='lat' dir='ltr'>inter</span> <span class='ocrx_word' id='word_1_91' title='bbox 626 910 666 935; x_wconf 91' lang='lat' dir='ltr'>se</span> <span class='ocrx_word' id='word_1_92' title='bbox 696 911 812 936; x_wconf 87' lang='lat' dir='ltr'>onere</span> <span class='ocrx_word' id='word_1_93' title='bbox 841 898 978 947; x_wconf 85' lang='lat' dir='ltr'>partito</span> <span class='ocrx_word' id='word_1_94' title='bbox 1008 896 1133 934; x_wconf 90' lang='lat' dir='ltr'>ferunt</span> <span class='ocrx_word' id='word_1_95' title='bbox 1161 898 1232 943; x_wconf 88' lang='lat' dir='ltr'>via,</span> <span class='ocrx_word' id='word_1_96' title='bbox 1262 909 1362 946; x_wconf 88' lang='lat' dir='ltr'>quae</span> 
     </span>
     <span class='ocr_line' id='line_1_13' title="bbox 103 961 1390 1011; baseline 0.002 -13"><span class='ocrx_word' id='word_1_97' title='bbox 103 961 265 999; x_wconf 88' lang='lat' dir='ltr'>sublicio</span> <span class='ocrx_word' id='word_1_98' title='bbox 284 969 402 1010; x_wconf 89' lang='lat' dir='ltr'>ponte</span> <span class='ocrx_word' id='word_1_99' title='bbox 431 962 535 999; x_wconf 90' lang='lat' dir='ltr'>ducit</span> <span class='ocrx_word' id='word_1_100' title='bbox 555 963 603 999; x_wconf 86' lang='lat' dir='ltr'>ad</span> <span class='ocrx_word' id='word_1_101' title='bbox 624 963 849 1001; x_wconf 88' lang='lat' dir='ltr'>Ianiculum.</span> <span class='ocrx_word' id='word_1_102' title='bbox 906 963 952 999; x_wconf 91' lang='lat' dir='ltr'>In</span> <span class='ocrx_word' id='word_1_103' title='bbox 973 974 1019 999; x_wconf 90' lang='lat' dir='ltr'>eo</span> <span class='ocrx_word' id='word_1_104' title='bbox 1039 962 1136 999; x_wconf 78' lang='lat' dir='ltr'>clivo</span> <span class='ocrx_word' id='word_1_105' title='bbox 1156 974 1221 999; x_wconf 88' lang='lat' dir='ltr'>eas</span> <span class='ocrx_word' id='word_1_106' title='bbox 1241 974 1360 1011; x_wconf 91' lang='lat' dir='ltr'>quum</span> <span class='ocrx_word' id='word_1_107' title='bbox 1373 972 1390 1000; x_wconf 87' lang='lat'>9</span> 
     </span>
     <span class='ocr_line' id='line_1_14' title="bbox 102 1024 1360 1076; baseline 0.002 -14"><span class='ocrx_word' id='word_1_108' title='bbox 102 1024 146 1062; x_wconf 89' lang='lat' dir='ltr'>L.</span> <span class='ocrx_word' id='word_1_109' title='bbox 161 1026 346 1073; x_wconf 89' lang='lat' dir='ltr'>Albinius,</span> <span class='ocrx_word' id='word_1_110' title='bbox 362 1026 409 1064; x_wconf 92' lang='lat' dir='ltr'>de</span> <span class='ocrx_word' id='word_1_111' title='bbox 426 1027 537 1076; x_wconf 91' lang='lat' dir='ltr'>plebe</span> <span class='ocrx_word' id='word_1_112' title='bbox 555 1027 735 1066; x_wconf 87' lang='lat' dir='ltr'>Romana</span> <span class='ocrx_word' id='word_1_113' title='bbox 755 1027 883 1073; x_wconf 91' lang='lat' dir='ltr'>homo,</span> <span class='ocrx_word' id='word_1_114' title='bbox 902 1027 1174 1076; x_wconf 83' lang='lat' dir='ltr'>conspexisset,</span> <span class='ocrx_word' id='word_1_115' title='bbox 1191 1027 1360 1076; x_wconf 88' lang='lat' dir='ltr'>plaustro</span> 
     </span>
     <span class='ocr_line' id='line_1_15' title="bbox 103 1091 1412 1141; baseline 0.001 -14"><span class='ocrx_word' id='word_1_116' title='bbox 103 1091 309 1140; x_wconf 85' lang='lat' dir='ltr'>coniugem</span> <span class='ocrx_word' id='word_1_117' title='bbox 339 1104 383 1129; x_wconf 89' lang='lat' dir='ltr'>ac</span> <span class='ocrx_word' id='word_1_118' title='bbox 409 1092 549 1130; x_wconf 90' lang='lat' dir='ltr'>liberos</span> <span class='ocrx_word' id='word_1_119' title='bbox 581 1093 722 1131; x_wconf 81' lang='lat' dir='ltr'>vehens</span> <span class='ocrx_word' id='word_1_120' title='bbox 750 1094 846 1130; x_wconf 90' lang='lat' dir='ltr'>inter</span> <span class='ocrx_word' id='word_1_121' title='bbox 874 1100 1040 1130; x_wconf 87' lang='lat' dir='ltr'>ceteram</span> <span class='ocrx_word' id='word_1_122' title='bbox 1069 1093 1230 1137; x_wconf 91' lang='lat' dir='ltr'>turbam,</span> <span class='ocrx_word' id='word_1_123' title='bbox 1259 1103 1358 1141; x_wconf 87' lang='lat' dir='ltr'>quae</span> <span class='ocrx_word' id='word_1_124' title='bbox 1372 1094 1412 1124; x_wconf 89' lang='lat'>10</span> 
     </span>
     <span class='ocr_line' id='line_1_16' title="bbox 103 1156 1360 1204; baseline 0.001 -12"><span class='ocrx_word' id='word_1_125' title='bbox 103 1156 242 1193; x_wconf 90' lang='lat' dir='ltr'>inutilis</span> <span class='ocrx_word' id='word_1_126' title='bbox 271 1156 373 1194; x_wconf 91' lang='lat' dir='ltr'>bello</span> <span class='ocrx_word' id='word_1_127' title='bbox 401 1158 493 1194; x_wconf 90' lang='lat' dir='ltr'>urbe</span> <span class='ocrx_word' id='word_1_128' title='bbox 523 1157 742 1204; x_wconf 80' lang='lat' dir='ltr'>excedebat,</span> <span class='ocrx_word' id='word_1_129' title='bbox 764 1158 868 1195; x_wconf 89' lang='lat' dir='ltr'>salvo</span> <span class='ocrx_word' id='word_1_130' title='bbox 893 1157 1006 1195; x_wconf 87' lang='lat' dir='ltr'>etiam</span> <span class='ocrx_word' id='word_1_131' title='bbox 1030 1164 1112 1194; x_wconf 88' lang='lat' dir='ltr'>turn</span> <span class='ocrx_word' id='word_1_132' title='bbox 1142 1156 1360 1194; x_wconf 89' lang='lat' dir='ltr'>discrimine</span> 
     </span>
     <span class='ocr_line' id='line_1_17' title="bbox 103 1219 1361 1273; baseline 0.002 -17"><span class='ocrx_word' id='word_1_133' title='bbox 103 1219 314 1258; x_wconf 89' lang='lat' dir='ltr'>divinarum</span> <span class='ocrx_word' id='word_1_134' title='bbox 344 1221 678 1273; x_wconf 89' lang='lat' dir='ltr'>humanarumque</span> <span class='ocrx_word' id='word_1_135' title='bbox 699 1234 835 1268; x_wconf 92' lang='lat' dir='ltr'>rerum,</span> <span class='ocrx_word' id='word_1_136' title='bbox 857 1222 1073 1271; x_wconf 87' lang='lat' dir='ltr'>religiosum</span> <span class='ocrx_word' id='word_1_137' title='bbox 1097 1229 1212 1266; x_wconf 87' lang='lat' dir='ltr'>ratus,</span> <span class='ocrx_word' id='word_1_138' title='bbox 1234 1233 1361 1258; x_wconf 89' lang='lat' dir='ltr'>sacer-</span> 
     </span>
     <span class='ocr_line' id='line_1_18' title="bbox 103 1283 1362 1337; baseline 0.002 -17"><span class='ocrx_word' id='word_1_139' title='bbox 103 1283 212 1321; x_wconf 91' lang='lat' dir='ltr'>dotes</span> <span class='ocrx_word' id='word_1_140' title='bbox 240 1286 414 1335; x_wconf 90' lang='lat' dir='ltr'>publicos</span> <span class='ocrx_word' id='word_1_141' title='bbox 443 1299 627 1337; x_wconf 88' lang='lat' dir='ltr'>sacraque</span> <span class='ocrx_word' id='word_1_142' title='bbox 653 1288 785 1337; x_wconf 90' lang='lat' dir='ltr'>populi</span> <span class='ocrx_word' id='word_1_143' title='bbox 806 1287 976 1324; x_wconf 88' lang='lat' dir='ltr'>Romani</span> <span class='ocrx_word' id='word_1_144' title='bbox 1004 1286 1167 1335; x_wconf 90' lang='lat' dir='ltr'>pedibus</span> <span class='ocrx_word' id='word_1_145' title='bbox 1186 1286 1240 1323; x_wconf 90' lang='lat' dir='ltr'>ire</span> <span class='ocrx_word' id='word_1_146' title='bbox 1260 1285 1362 1323; x_wconf 90' lang='lat' dir='ltr'>ferri-</span> 
     </span>
     <span class='ocr_line' id='line_1_19' title="bbox 103 1351 1362 1400; baseline 0.002 -15"><span class='ocrx_word' id='word_1_147' title='bbox 103 1361 189 1398; x_wconf 91' lang='lat' dir='ltr'>que,</span> <span class='ocrx_word' id='word_1_148' title='bbox 211 1361 250 1387; x_wconf 91' lang='lat' dir='ltr'>se</span> <span class='ocrx_word' id='word_1_149' title='bbox 280 1362 323 1388; x_wconf 88' lang='lat' dir='ltr'>ac</span> <span class='ocrx_word' id='word_1_150' title='bbox 354 1363 444 1389; x_wconf 90' lang='lat' dir='ltr'>suos</span> <span class='ocrx_word' id='word_1_151' title='bbox 473 1352 512 1388; x_wconf 93' lang='lat' dir='ltr'>in</span> <span class='ocrx_word' id='word_1_152' title='bbox 531 1351 706 1390; x_wconf 81' lang='lat' dir='ltr'>vehiculo</span> <span class='ocrx_word' id='word_1_153' title='bbox 737 1352 920 1400; x_wconf 90' lang='lat' dir='ltr'>conspici,</span> <span class='ocrx_word' id='word_1_154' title='bbox 942 1351 1172 1389; x_wconf 85' lang='lat' dir='ltr'>descendere</span> <span class='ocrx_word' id='word_1_155' title='bbox 1200 1362 1362 1388; x_wconf 82' lang='lat' dir='ltr'>uxorem</span> 
     </span>
     <span class='ocr_line' id='line_1_20' title="bbox 104 1416 1362 1467; baseline 0.001 -16"><span class='ocrx_word' id='word_1_156' title='bbox 104 1426 149 1451; x_wconf 87' lang='lat' dir='ltr'>ac</span> <span class='ocrx_word' id='word_1_157' title='bbox 168 1427 306 1464; x_wconf 88' lang='lat' dir='ltr'>pueros</span> <span class='ocrx_word' id='word_1_158' title='bbox 335 1417 450 1460; x_wconf 89' lang='lat' dir='ltr'>iussit,</span> <span class='ocrx_word' id='word_1_159' title='bbox 474 1417 637 1467; x_wconf 83' lang='lat' dir='ltr'>virgines</span> <span class='ocrx_word' id='word_1_160' title='bbox 667 1429 852 1467; x_wconf 86' lang='lat' dir='ltr'>sacraque</span> <span class='ocrx_word' id='word_1_161' title='bbox 877 1417 916 1453; x_wconf 93' lang='lat' dir='ltr'>in</span> <span class='ocrx_word' id='word_1_162' title='bbox 939 1416 1152 1465; x_wconf 83' lang='lat' dir='ltr'>plaustrum</span> <span class='ocrx_word' id='word_1_163' title='bbox 1180 1416 1362 1465; x_wconf 85' lang='lat' dir='ltr'>imposuit</span> 
     </span>
     <span class='ocr_line' id='line_1_21' title="bbox 103 1479 1070 1532; baseline 0.002 -15"><span class='ocrx_word' id='word_1_164' title='bbox 103 1486 140 1517; x_wconf 90' lang='lat' dir='ltr'>et</span> <span class='ocrx_word' id='word_1_165' title='bbox 161 1479 293 1527; x_wconf 84' lang='lat' dir='ltr'>Caere,</span> <span class='ocrx_word' id='word_1_166' title='bbox 315 1494 392 1532; x_wconf 92' lang='lat' dir='ltr'>quo</span> <span class='ocrx_word' id='word_1_167' title='bbox 410 1483 478 1520; x_wconf 88' lang='lat' dir='ltr'>iter</span> <span class='ocrx_word' id='word_1_168' title='bbox 498 1483 760 1520; x_wconf 85' lang='lat' dir='ltr'>sacerdotibus</span> <span class='ocrx_word' id='word_1_169' title='bbox 781 1489 872 1527; x_wconf 88' lang='lat' dir='ltr'>erat,</span> <span class='ocrx_word' id='word_1_170' title='bbox 892 1481 1070 1532; x_wconf 81' lang='lat' dir='ltr'>pervexit.</span> 
     </span>
    </p>
   </div>
   <div class='ocr_carea' id='block_1_3' title="bbox 105 1575 1524 1723">
    <p class='ocr_par' dir='ltr' id='par_1_3' title="bbox 105 1575 1524 1723">
     <span class='ocr_line' id='line_1_22' title="bbox 105 1575 1524 1619; baseline -0.001 -11"><span class='ocrx_word' id='word_1_171' title='bbox 105 1579 122 1614; x_wconf 64' lang='grc' dir='ltr'><strong>ξ</strong></span> <span class='ocrx_word' id='word_1_172' title='bbox 139 1585 166 1608; x_wconf 92' lang='lat'>1.</span> <span class='ocrx_word' id='word_1_173' title='bbox 196 1577 229 1608; x_wconf 89' lang='lat' dir='ltr'><em>T</em></span> <span class='ocrx_word' id='word_1_174' title='bbox 224 1577 263 1608; x_wconf 81' lang='lat' dir='ltr'>he</span> <span class='ocrx_word' id='word_1_175' title='bbox 282 1578 385 1608; x_wconf 87' lang='lat' dir='ltr'>Gauls</span> <span class='ocrx_word' id='word_1_176' title='bbox 399 1582 491 1609; x_wconf 79' lang='lat' dir='ltr'>enter</span> <span class='ocrx_word' id='word_1_177' title='bbox 505 1579 544 1619; x_wconf 87' lang='lat' dir='ltr'>by</span> <span class='ocrx_word' id='word_1_178' title='bbox 559 1579 612 1610; x_wconf 77' lang='lat' dir='ltr'>tlte</span> <span class='ocrx_word' id='word_1_179' title='bbox 631 1579 756 1610; x_wconf 64' lang='lat' dir='ltr'>Collina</span> <span class='ocrx_word' id='word_1_180' title='bbox 767 1582 850 1619; x_wconf 79' lang='lat' dir='ltr'>gale,</span> <span class='ocrx_word' id='word_1_181' title='bbox 868 1577 940 1608; x_wconf 87' lang='lat' dir='ltr'>and</span> <span class='ocrx_word' id='word_1_182' title='bbox 951 1582 1096 1608; x_wconf 65' lang='lat' dir='ltr'>traversa</span> <span class='ocrx_word' id='word_1_183' title='bbox 1111 1576 1164 1607; x_wconf 78' lang='lat' dir='ltr'>the</span> <span class='ocrx_word' id='word_1_184' title='bbox 1179 1576 1252 1616; x_wconf 80' lang='lat' dir='ltr'>city,</span> <span class='ocrx_word' id='word_1_185' title='bbox 1271 1575 1364 1606; x_wconf 74' lang='lat' dir='ltr'>awed</span> <span class='ocrx_word' id='word_1_186' title='bbox 1376 1575 1448 1609; x_wconf 89' lang='lat' dir='ltr'>Ch.</span> <span class='ocrx_word' id='word_1_187' title='bbox 1465 1575 1524 1609; x_wconf 82' lang='grc'>41.</span> 
     </span>
     <span class='ocr_line' id='line_1_23' title="bbox 189 1627 1363 1671; baseline -0.002 -12"><span class='ocrx_word' id='word_1_188' title='bbox 189 1633 226 1659; x_wconf 82' lang='lat' dir='ltr'>al</span> <span class='ocrx_word' id='word_1_189' title='bbox 239 1629 293 1660; x_wconf 74' lang='lat' dir='ltr'>tlte</span> <span class='ocrx_word' id='word_1_190' title='bbox 307 1629 395 1670; x_wconf 61' lang='lat' dir='ltr'>szgrlzt</span> <span class='ocrx_word' id='word_1_191' title='bbox 409 1630 508 1671; x_wconf 77' lang='lat' dir='ltr'>ostlze</span> <span class='ocrx_word' id='word_1_192' title='bbox 527 1631 583 1661; x_wconf 81' lang='lat' dir='ltr'>old</span> <span class='ocrx_word' id='word_1_193' title='bbox 600 1641 673 1661; x_wconf 78' lang='lat' dir='ltr'>mm</span> <span class='ocrx_word' id='word_1_194' title='bbox 694 1630 731 1660; x_wconf 81' lang='lat' dir='ltr'>in</span> <span class='ocrx_word' id='word_1_195' title='bbox 753 1629 842 1660; x_wconf 77' lang='lat' dir='ltr'>tlzcir</span> <span class='ocrx_word' id='word_1_196' title='bbox 856 1629 951 1660; x_wconf 80' lang='lat' dir='ltr'>robes.</span> <span class='ocrx_word' id='word_1_197' title='bbox 1021 1631 1037 1666; x_wconf 82' lang='lat'>§</span> <span class='ocrx_word' id='word_1_198' title='bbox 1057 1639 1085 1670; x_wconf 91' lang='lat'>9.</span> <span class='ocrx_word' id='word_1_199' title='bbox 1112 1628 1185 1659; x_wconf 80' lang='lat' dir='ltr'>But</span> <span class='ocrx_word' id='word_1_200' title='bbox 1194 1627 1363 1668; x_wconf 76' lang='lat' dir='ltr'>prescntly</span> 
     </span>
     <span class='ocr_line' id='line_1_24' title="bbox 190 1678 1047 1723; baseline 0 -12"><span class='ocrx_word' id='word_1_201' title='bbox 190 1678 264 1721; x_wconf 80' lang='lat' dir='ltr'>they</span> <span class='ocrx_word' id='word_1_202' title='bbox 277 1682 348 1721; x_wconf 85' lang='lat' dir='ltr'>slay</span> <span class='ocrx_word' id='word_1_203' title='bbox 363 1681 459 1720; x_wconf 77' lang='lat' dir='ltr'>them,</span> <span class='ocrx_word' id='word_1_204' title='bbox 476 1682 548 1712; x_wconf 85' lang='lat' dir='ltr'>and</span> <span class='ocrx_word' id='word_1_205' title='bbox 555 1682 704 1723; x_wconf 72' lang='lat' dir='ltr'>plundcr</span> <span class='ocrx_word' id='word_1_206' title='bbox 718 1681 789 1712; x_wconf 84' lang='lat' dir='ltr'>and</span> <span class='ocrx_word' id='word_1_207' title='bbox 801 1681 889 1712; x_wconf 77' lang='lat' dir='ltr'>burn</span> <span class='ocrx_word' id='word_1_208' title='bbox 905 1681 958 1712; x_wconf 77' lang='lat' dir='ltr'>tlte</span> <span class='ocrx_word' id='word_1_209' title='bbox 972 1680 1047 1721; x_wconf 80' lang='lat' dir='ltr'><em>city.</em></span> 
     </span>
    </p>
   </div>
   <div class='ocr_carea' id='block_1_4' title="bbox 103 1745 1392 2319">
    <p class='ocr_par' dir='ltr' id='par_1_4' title="bbox 103 1745 1392 2319">
     <span class='ocr_line' id='line_1_25' title="bbox 157 1745 1390 1794; baseline -0.002 -10"><span class='ocrx_word' id='word_1_210' title='bbox 157 1746 308 1785; x_wconf 87' lang='lat' dir='ltr'>Romae</span> <span class='ocrx_word' id='word_1_211' title='bbox 340 1748 499 1794; x_wconf 91' lang='lat' dir='ltr'>interim,</span> <span class='ocrx_word' id='word_1_212' title='bbox 534 1749 624 1786; x_wconf 90' lang='lat' dir='ltr'>satis</span> <span class='ocrx_word' id='word_1_213' title='bbox 657 1749 735 1786; x_wconf 81' lang='lat' dir='ltr'>iam</span> <span class='ocrx_word' id='word_1_214' title='bbox 767 1748 958 1794; x_wconf 89' lang='lat' dir='ltr'>omnibus,</span> <span class='ocrx_word' id='word_1_215' title='bbox 989 1753 1030 1784; x_wconf 90' lang='lat' dir='ltr'>ut</span> <span class='ocrx_word' id='word_1_216' title='bbox 1061 1747 1101 1784; x_wconf 91' lang='lat' dir='ltr'>in</span> <span class='ocrx_word' id='word_1_217' title='bbox 1132 1746 1197 1783; x_wconf 88' lang='lat' dir='ltr'>tali</span> <span class='ocrx_word' id='word_1_218' title='bbox 1226 1758 1278 1791; x_wconf 90' lang='lat' dir='ltr'>re,</span> <span class='ocrx_word' id='word_1_219' title='bbox 1310 1745 1390 1782; x_wconf 89' lang='lat' dir='ltr'>adl</span> 
     </span>
     <span class='ocr_line' id='line_1_26' title="bbox 103 1811 1362 1864; baseline -0.002 -15"><span class='ocrx_word' id='word_1_220' title='bbox 103 1812 285 1850; x_wconf 89' lang='lat' dir='ltr'>tuendam</span> <span class='ocrx_word' id='word_1_221' title='bbox 305 1825 432 1851; x_wconf 90' lang='lat' dir='ltr'>arcem</span> <span class='ocrx_word' id='word_1_222' title='bbox 452 1815 685 1864; x_wconf 87' lang='lat' dir='ltr'>compositis,</span> <span class='ocrx_word' id='word_1_223' title='bbox 701 1814 811 1851; x_wconf 92' lang='lat' dir='ltr'>turba</span> <span class='ocrx_word' id='word_1_224' title='bbox 831 1813 1026 1851; x_wconf 89' lang='lat' dir='ltr'>seniorum</span> <span class='ocrx_word' id='word_1_225' title='bbox 1042 1812 1182 1849; x_wconf 91' lang='lat' dir='ltr'>domos</span> <span class='ocrx_word' id='word_1_226' title='bbox 1201 1811 1362 1860; x_wconf 88' lang='lat' dir='ltr'>regressi</span> 
     </span>
     <span class='ocr_line' id='line_1_27' title="bbox 105 1877 1363 1925; baseline -0.002 -10"><span class='ocrx_word' id='word_1_227' title='bbox 105 1878 309 1916; x_wconf 88' lang='lat' dir='ltr'>adventum</span> <span class='ocrx_word' id='word_1_228' title='bbox 337 1878 506 1916; x_wconf 91' lang='lat' dir='ltr'>hostium</span> <span class='ocrx_word' id='word_1_229' title='bbox 535 1879 727 1917; x_wconf 90' lang='lat' dir='ltr'>obstinato</span> <span class='ocrx_word' id='word_1_230' title='bbox 747 1878 797 1916; x_wconf 88' lang='lat' dir='ltr'>ad</span> <span class='ocrx_word' id='word_1_231' title='bbox 823 1886 987 1915; x_wconf 85' lang='lat' dir='ltr'>mortem</span> <span class='ocrx_word' id='word_1_232' title='bbox 1014 1877 1144 1914; x_wconf 87' lang='lat' dir='ltr'>animo</span> <span class='ocrx_word' id='word_1_233' title='bbox 1164 1882 1363 1925; x_wconf 78' lang='lat' dir='ltr'>exspecta-</span> 
     </span>
     <span class='ocr_line' id='line_1_28' title="bbox 103 1941 1392 1991; baseline 0.001 -12"><span class='ocrx_word' id='word_1_234' title='bbox 103 1943 207 1980; x_wconf 87' lang='lat' dir='ltr'>bant.</span> <span class='ocrx_word' id='word_1_235' title='bbox 265 1942 343 1989; x_wconf 85' lang='lat' dir='ltr'>Qui</span> <span class='ocrx_word' id='word_1_236' title='bbox 375 1955 510 1981; x_wconf 89' lang='lat' dir='ltr'>eorum</span> <span class='ocrx_word' id='word_1_237' title='bbox 548 1943 698 1981; x_wconf 86' lang='lat' dir='ltr'>curules</span> <span class='ocrx_word' id='word_1_238' title='bbox 736 1950 932 1991; x_wconf 84' lang='lat' dir='ltr'>gesserant</span> <span class='ocrx_word' id='word_1_239' title='bbox 966 1942 1220 1991; x_wconf 86' lang='lat' dir='ltr'>magistratus,</span> <span class='ocrx_word' id='word_1_240' title='bbox 1250 1948 1290 1978; x_wconf 92' lang='lat' dir='ltr'>ut</span> <span class='ocrx_word' id='word_1_241' title='bbox 1319 1941 1392 1980; x_wconf 83' lang='lat' dir='ltr'>in2</span> 
     </span>
     <span class='ocr_line' id='line_1_29' title="bbox 103 2007 1361 2058; baseline 0 -14"><span class='ocrx_word' id='word_1_242' title='bbox 103 2007 276 2046; x_wconf 88' lang='lat' dir='ltr'>fortunae</span> <span class='ocrx_word' id='word_1_243' title='bbox 296 2009 476 2058; x_wconf 89' lang='lat' dir='ltr'>pristinae</span> <span class='ocrx_word' id='word_1_244' title='bbox 495 2009 767 2058; x_wconf 90' lang='lat' dir='ltr'>honorumque</span> <span class='ocrx_word' id='word_1_245' title='bbox 783 2021 828 2046; x_wconf 87' lang='lat' dir='ltr'>ac</span> <span class='ocrx_word' id='word_1_246' title='bbox 843 2008 984 2045; x_wconf 79' lang='lat' dir='ltr'>virtutis</span> <span class='ocrx_word' id='word_1_247' title='bbox 1002 2008 1214 2057; x_wconf 85' lang='lat' dir='ltr'>insignibus</span> <span class='ocrx_word' id='word_1_248' title='bbox 1233 2020 1361 2045; x_wconf 91' lang='lat' dir='ltr'>more-</span> 
     </span>
     <span class='ocr_line' id='line_1_30' title="bbox 103 2072 1363 2124; baseline 0 -15"><span class='ocrx_word' id='word_1_249' title='bbox 103 2081 243 2119; x_wconf 89' lang='lat' dir='ltr'>rentur,</span> <span class='ocrx_word' id='word_1_250' title='bbox 280 2085 379 2122; x_wconf 90' lang='lat' dir='ltr'>quae</span> <span class='ocrx_word' id='word_1_251' title='bbox 418 2074 686 2124; x_wconf 88' lang='lat' dir='ltr'>augustissima</span> <span class='ocrx_word' id='word_1_252' title='bbox 727 2073 840 2110; x_wconf 83' lang='lat' dir='ltr'>vestis</span> <span class='ocrx_word' id='word_1_253' title='bbox 877 2079 933 2110; x_wconf 87' lang='lat' dir='ltr'>est</span> <span class='ocrx_word' id='word_1_254' title='bbox 970 2079 1098 2110; x_wconf 90' lang='lat' dir='ltr'>tensas</span> <span class='ocrx_word' id='word_1_255' title='bbox 1136 2072 1363 2110; x_wconf 90' lang='lat' dir='ltr'>ducentibus</span> 
     </span>
     <span class='ocr_line' id='line_1_31' title="bbox 103 2137 1362 2187; baseline 0.001 -13"><span class='ocrx_word' id='word_1_256' title='bbox 103 2138 482 2187; x_wconf 87' lang='lat' dir='ltr'>triumphantibusve,</span> <span class='ocrx_word' id='word_1_257' title='bbox 503 2151 548 2176; x_wconf 89' lang='lat' dir='ltr'>ea</span> <span class='ocrx_word' id='word_1_258' title='bbox 567 2138 688 2175; x_wconf 85' lang='lat' dir='ltr'>vestiti</span> <span class='ocrx_word' id='word_1_259' title='bbox 716 2139 847 2175; x_wconf 89' lang='lat' dir='ltr'>medio</span> <span class='ocrx_word' id='word_1_260' title='bbox 875 2137 1027 2175; x_wconf 91' lang='lat' dir='ltr'>aedium</span> <span class='ocrx_word' id='word_1_261' title='bbox 1055 2138 1232 2175; x_wconf 90' lang='lat' dir='ltr'>eburneis</span> <span class='ocrx_word' id='word_1_262' title='bbox 1261 2138 1362 2175; x_wconf 88' lang='lat' dir='ltr'>sellis</span> 
     </span>
     <span class='ocr_line' id='line_1_32' title="bbox 105 2203 1390 2254; baseline 0 -14"><span class='ocrx_word' id='word_1_263' title='bbox 105 2203 248 2241; x_wconf 89' lang='lat' dir='ltr'>sedere.</span> <span class='ocrx_word' id='word_1_264' title='bbox 305 2203 412 2250; x_wconf 90' lang='lat' dir='ltr'>Sunt,</span> <span class='ocrx_word' id='word_1_265' title='bbox 433 2205 499 2254; x_wconf 91' lang='lat' dir='ltr'>qui</span> <span class='ocrx_word' id='word_1_266' title='bbox 525 2204 581 2242; x_wconf 85' lang='lat' dir='ltr'>M.</span> <span class='ocrx_word' id='word_1_267' title='bbox 602 2204 713 2241; x_wconf 90' lang='lat' dir='ltr'>Folio</span> <span class='ocrx_word' id='word_1_268' title='bbox 742 2204 924 2252; x_wconf 90' lang='lat' dir='ltr'>pontifice</span> <span class='ocrx_word' id='word_1_269' title='bbox 953 2203 1125 2240; x_wconf 81' lang='lat' dir='ltr'>maximo</span> <span class='ocrx_word' id='word_1_270' title='bbox 1153 2210 1390 2253; x_wconf 87' lang='lat' dir='ltr'>praeeunte3</span> 
     </span>
     <span class='ocr_line' id='line_1_33' title="bbox 106 2267 1363 2319; baseline 0 -13"><span class='ocrx_word' id='word_1_271' title='bbox 106 2280 262 2306; x_wconf 88' lang='lat' dir='ltr'>carmen</span> <span class='ocrx_word' id='word_1_272' title='bbox 283 2269 480 2307; x_wconf 89' lang='lat' dir='ltr'>devovisse</span> <span class='ocrx_word' id='word_1_273' title='bbox 501 2281 568 2308; x_wconf 91' lang='lat' dir='ltr'>eos</span> <span class='ocrx_word' id='word_1_274' title='bbox 588 2281 628 2306; x_wconf 90' lang='lat' dir='ltr'>se</span> <span class='ocrx_word' id='word_1_275' title='bbox 647 2281 717 2319; x_wconf 90' lang='lat' dir='ltr'>pro</span> <span class='ocrx_word' id='word_1_276' title='bbox 731 2268 853 2318; x_wconf 82' lang='lat' dir='ltr'>patria</span> <span class='ocrx_word' id='word_1_277' title='bbox 869 2267 1155 2318; x_wconf 85' lang='lat' dir='ltr'>Quiritibusque</span> <span class='ocrx_word' id='word_1_278' title='bbox 1172 2268 1363 2307; x_wconf 89' lang='lat' dir='ltr'>Romanis</span> 
     </span>
    </p>
   </div>
  </div>
 </body>
</html>
