1637 2554
415 121 632 154 VICTORY
657 122 722 154 OF
748 121 1002 154 CAMILLUS.
1252 126 1332 168 139

81 235 203 265 castra
219 240 228 274 ;
259 234 295 266 et
315 239 435 277 quum
455 228 635 266 omnibus
659 227 754 266 locis
782 234 1002 277 posceretur
1020 239 1161 277 pugna,
1184 231 1192 247 ‘
1211 226 1330 265 Susti-
1346 235 1428 264 ac.
1447 236 1536 264 381.

80 305 171 330 nere
189 292 197 306 ’
227 294 360 344 inquit,
382 297 390 312 ‘
406 292 463 330 M.
483 293 581 339 Furi,
604 305 682 331 non
712 305 917 343 possumus
943 293 1127 342 impeturn
1157 293 1329 339 militum,

79 365 115 396 et
144 359 276 403 hostis,
298 359 405 396 cuius
435 359 584 396 animos
607 358 825 397 cunctando
852 359 1038 404 auximus,
1066 359 1143 396 iam
1172 359 1330 395 minime

79 423 276 462 toleranda
295 424 471 474 superbia
491 424 642 461 insultat
658 437 668 470 ;
698 424 791 462 cede
819 436 918 461 unus
945 424 1125 462 omnibus
1145 431 1182 461 et
1201 431 1329 474 patere

78 496 113 526 te
143 490 241 527 xinci
271 489 441 536 consilio,
473 497 514 526 ut
542 490 726 527 maturius
756 490 857 528 bello
886 490 1043 528 vincas.'
1099 489 1161 527 Ad
1189 502 1234 527 ea
1255 488 1362 527 Ca-9

78 554 216 599 millus,
238 567 336 604 quae
363 554 460 592 bella
483 567 553 592 suo
581 555 693 593 unius
724 556 897 605 auspicio
923 563 1030 604 gesta
1051 555 1100 592 ad
1119 567 1205 592 eam
1226 554 1329 592 diem

77 628 216 666 essent,
239 633 380 670 negare
401 621 439 658 in
460 621 514 659 eis
536 633 659 671 neque
684 633 724 659 se
749 634 873 671 neque
896 621 1082 671 populum
1103 620 1326 658 Romanum

77 694 140 724 aut
170 687 319 724 consilii
349 686 405 723 sui
435 694 498 723 aut
528 686 704 724 fortunae
734 687 989 736 paenituisse;
1019 699 1122 724 nunc
1152 687 1247 723 scire
1276 698 1327 731 se,

77 752 265 801 collegam
297 751 436 789 habere
474 752 554 789 iure
589 752 825 802 imperioque
862 765 1003 802 parem,
1033 753 1164 802 vigore
1196 751 1328 789 aetatis

76 824 332 868 praestantem
347 829 357 863 ς
387 817 514 866 itaque
535 829 586 863 se,
605 817 709 866 quod
729 817 777 854 ad
792 819 999 856 exercitum
1016 818 1179 863 attineat,
1197 828 1327 865 regere
1343 824 1383 853 1ο

76 895 293 929 consuesse,
326 895 406 920 non
440 883 542 931 regi5
586 883 757 932 collegae
796 883 998 933 imperium
1030 895 1069 920 se
1101 894 1182 920 non
1212 893 1328 931 posse

75 948 269 998 impedire.
326 948 396 985 Dis
423 949 519 986 bene
544 948 757 986 iuvantibus
784 957 923 998 ageret,
946 949 1052 999 quod
1071 961 1091 986 e
1112 961 1151 986 re
1177 946 1328 997 publica

76 1015 230 1052 duceret
246 1026 256 1060 ;
286 1014 399 1051 aetati
428 1026 518 1051 suae
548 1027 587 1051 se
616 1014 769 1052 veniam
800 1027 886 1052 eam
914 1023 1052 1064 petere,
1074 1027 1122 1051 ne
1148 1014 1187 1050 in
1206 1013 1328 1062 prima
1343 1017 1378 1045 11

76 1080 158 1118 acie
191 1087 312 1125 esset;
348 1091 446 1129 quae
479 1080 580 1117 senis
611 1081 742 1117 munia
773 1080 811 1117 in
843 1080 944 1118 bello
978 1081 1063 1126 sint,
1096 1081 1142 1117 iis
1177 1091 1216 1117 se
1248 1091 1328 1116 non

75 1146 304 1184 defuturum.
363 1145 408 1182 Id
436 1158 457 1182 a
483 1145 541 1182 dis
568 1146 845 1184 immortalibus
867 1146 1024 1196 precari,
1045 1158 1094 1183 ne
1125 1145 1189 1195 qui
1214 1156 1325 1182 casus

76 1224 189 1250 suum
226 1211 428 1249 consilium
466 1211 652 1249 laudabile
691 1212 838 1250 efficiat.
895 1211 979 1250 Nec
1017 1212 1066 1249 ab
1104 1211 1325 1249 hominibus
1340 1216 1376 1245 12

76 1278 248 1317 salutaris
268 1277 454 1314 sententia
474 1289 544 1314 nec
565 1290 587 1314 a
607 1277 664 1314 dis
693 1285 770 1315 tam
793 1278 878 1327 piae
903 1290 1035 1327 preces
1055 1277 1205 1314 auditae
1227 1282 1325 1314 sunt.

77 1344 244 1382 Primam
274 1342 396 1380 aciem
426 1350 558 1380 auctor
583 1355 734 1392 pugnae
763 1344 922 1390 instruit,
945 1343 1112 1381 subsidia
1142 1342 1326 1380 Camillus

76 1407 200 1444 firmat
237 1405 479 1454 validamque
517 1407 718 1444 stationem
759 1419 829 1455 pro
868 1407 996 1444 castris
1031 1406 1189 1455 opponit
1200 1417 1210 1451 3
1246 1405 1326 1454 ipse

76 1473 179 1511 edito
211 1472 298 1510 loco
329 1480 523 1523 spectator
554 1472 720 1509 intentus
751 1472 791 1508 in
824 1480 1003 1509 eventum
1036 1472 1149 1509 alieni
1179 1469 1326 1508 consilii

76 1544 253 1576 const1t1t.

81 1661 114 1692 T
108 1660 147 1692 ke
168 1661 315 1692 Romans
329 1661 426 1701 yield
444 1660 649 1702 shamcjflvclly,
670 1661 728 1691 till
750 1661 913 1692 Camillus
934 1660 1020 1692 lcads
1042 1659 1128 1690 them
1152 1657 1227 1689 back
1249 1663 1280 1689 to
1301 1668 1322 1688 a
1338 1662 1410 1694 Ch,
1429 1661 1493 1694 24,

154 1717 252 1753 great
264 1713 398 1753 victory.

131 1801 250 1840 Simul
276 1803 401 1852 primo
431 1815 620 1841 concursu
649 1815 907 1852 concrepuere
937 1813 1053 1847 arma,
1073 1799 1194 1837 hostis
1223 1798 1355 1842 d010‚1

75 1880 156 1906 non
174 1875 277 1906 metu
295 1868 434 1918 pedem
454 1869 604 1906 rettulit.
662 1868 780 1905 Lenis
799 1868 849 1904 ab
869 1874 977 1916 tergo
997 1866 1114 1904 clivus
1130 1871 1210 1902 erat
1230 1864 1325 1901 inter
1338 1872 1357 1901 2

75 1933 198 1971 aciem
217 1940 253 1971 et
273 1940 419 1980 castra3
449 1939 498 1979 et,
529 1933 634 1983 quod
656 1933 860 1970 multitudo
883 1931 1160 1982 suppeditabat,
1183 1929 1326 1979 aliquot

75 1997 218 2036 validas
243 1998 417 2037 cohortes
442 2000 482 2036 in
506 2000 637 2036 castris
663 2005 825 2036 armatas
854 1998 1134 2046 instructasque
1163 1995 1325 2044 relique-

75 2070 172 2110 rant,
210 2076 309 2114 quae
344 2065 443 2102 inter
480 2065 729 2102 commissum
767 2064 844 2101 iam
883 2069 1088 2105 certamen,
1127 2061 1193 2098 ubi
1226 2059 1325 2097 vallo

76 2130 418 2180 appropinquasset
437 2130 567 2175 hostis,
589 2135 840 2178 erumperent.
901 2127 1106 2165 Romanus
1123 2126 1325 2165 cedentem
1339 2131 1358 2162 3

77 2193 229 2232 hostem
247 2195 366 2232 effuse
395 2195 593 2245 sequendo
619 2194 803 2232 inlocum
826 2193 1002 2244 iniquum
1025 2200 1236 2243 pertractus
1256 2204 1326 2241 op-

78 2267 264 2310 portunus
296 2260 385 2299 huic
414 2260 603 2310 eruptioni
633 2259 723 2305 fuit;
758 2271 887 2296 versus
914 2259 1043 2309 itaque
1072 2259 1111 2296 in
1142 2258 1326 2296 victorem
