1637 2554
95 127 194 159 THE
209 127 637 158 PLEBSATSTRIFE
663 127 802 159 WlTll
822 127 973 159 THEIR
991 127 1232 159 LEADERS.
1260 120 1334 160 161

88 232 287 281 optimates
306 233 475 270 maximo
495 233 667 282 privatim
688 233 866 282 periculo,
889 232 992 270 nullo
1018 233 1168 281 publice
1195 232 1338 270 emolu·
1353 244 1434 273 ac.
1452 246 1540 274 368.

88 305 217 336 mento
237 305 346 335 stare.
403 298 659 336 Consenuissc
687 299 762 335 iam
791 310 922 335 secum
950 305 986 335 et
1006 298 1224 346 rogationes
1251 311 1337 346 pro-

87 362 275 410 mulgatas
313 370 350 400 et
380 364 455 399 vim
493 375 650 400 omnem
685 363 905 400 tribuniciae
944 363 1153 411 potestatis.
1210 362 1371 403 Primo?

87 427 354 465 intercessione
392 428 626 476 collegarum
664 429 701 465 in
741 428 842 476 leges
877 440 963 465 suas
996 434 1207 476 pugnatum
1245 440 1338 472 esse,

85 492 223 529 deinde
244 493 482 541 ablegatione
503 494 703 530 iuventutis
724 493 772 530 ad
794 493 1032 531 Veliternum
1053 492 1219 539 bellum;
1250 505 1337 542 pos—

84 565 205 595 tremo
244 558 484 595 dictatorium
523 558 666 595 fulmen
702 559 739 594 in
779 571 817 596 se
852 559 1091 595 intentatum.
1149 558 1231 595 Iam
1266 566 1368 595 nec8

84 622 250 672 collegas
284 635 354 660 nec
386 623 526 660 bellum
556 636 626 661 nec
657 624 880 661 dictatorcm
911 625 1073 668 obstare,
1104 624 1243 673 quippe
1273 624 1336 672 qui

83 689 196 725 etiam
227 700 342 725 omen
374 689 522 737 plebeio
558 689 704 726 consuli
735 690 918 737 magistro
939 690 1109 738 equitum
1145 702 1192 726 ex
1227 689 1335 738 plebe

82 753 246 791 dicendo
276 753 440 800 dederit;
484 766 524 791 se
556 755 679 803 ipsam
708 755 858 803 plebem
893 762 929 792 et
960 755 1165 792 commoda
1196 755 1336 792 morari

81 831 160 856 sua.
217 818 397 856 Liberam
432 820 564 857 urbem
599 832 643 856 ac
683 819 807 857 forum
847 832 868 857 a
904 820 1164 865 creditoribus,
1197 820 1366 856 liberos9

81 896 194 933 agros
223 885 272 921 ab
301 885 446 922 iniustis
476 885 758 934 possessoribus
789 876 1046 935 extemplQ‘Si
1076 885 1172 930 velit,
1193 885 1333 922 habere

81 961 204 999 posse.
261 950 371 996 Quae
398 962 557 987 munera
586 950 740 1000 quando
768 950 921 988 tandem
952 951 1040 988 satis
1069 958 1178 999 grato
1204 950 1334 987 animo
1349 957 1388 986 10

80 1016 352 1061 aestimaturos,
374 1017 404 1052 si
424 1017 520 1053 inter
540 1016 782 1065 accipiendas
804 1016 851 1053 de
874 1016 950 1053 suis
979 1016 1194 1053 commodis
1222 1027 1333 1064 roga-

80 1081 202 1118 tiones
223 1094 329 1131 spem
350 1082 506 1119 honoris
534 1082 712 1120 latoribus
733 1093 862 1118 earum
885 1081 1080 1118 incidant?
1138 1079 1229 1118 Non
1250 1092 1334 1117 esse

79 1147 288 1185 modestiae
327 1147 458 1197 populi
494 1147 661 1185 Romani
700 1147 739 1184 id
777 1147 974 1196 postulare,
1006 1153 1046 1183 ut
1085 1146 1166 1195 ipse
1204 1145 1333 1182 fenore

78 1212 218 1249 levetur
247 1219 284 1250 et
317 1214 355 1250 in
389 1225 522 1262 agrum
556 1213 692 1250 iniuria
722 1224 942 1261 possessum
975 1224 997 1249 a
1027 1211 1245 1260 potentibus
1274 1211 1332 1247 in-

78 1278 258 1316 ducatur:
282 1292 347 1328 per
365 1292 460 1328 quos
476 1292 522 1317 ea
545 1286 770 1316 consecutus
797 1278 854 1322 sit,
876 1289 984 1315 senes
1005 1276 1226 1314 tribunicios
1251 1288 1331 1313 non

78 1344 158 1381 sine
179 1343 325 1381 honore
346 1351 504 1389 tantum,
528 1344 595 1381 sed
614 1344 728 1381 etiam
757 1344 837 1381 sine
866 1355 932 1392 spe
954 1342 1111 1380 honoris
1131 1341 1330 1390 relinquat.

78 1409 242 1447 Proinde
263 1410 331 1458 ipsi
353 1409 516 1458 primum
538 1416 742 1446 statuerent
764 1409 866 1458 apud
888 1409 1047 1452 animos,
1071 1407 1162 1456 quid
1182 1406 1329 1451 vellent,
1346 1415 1384 1444 11

76 1474 212 1511 deinde
233 1474 394 1511 comitiis
414 1474 621 1510 tribuniciis
637 1473 868 1511 declararent
884 1472 1128 1510 voluntatem.
1179 1470 1218 1508 Si
1239 1483 1329 1508 con-

75 1539 199 1576 iuncte
232 1539 316 1576 serri
349 1540 398 1576 ab
433 1551 472 1576 se
506 1538 765 1588 promulgatas
800 1538 1016 1588 rogationes
1050 1537 1199 1582 vellent,
1229 1548 1325 1581 esse,

74 1604 178 1653 quod
204 1602 361 1641 eosdem
387 1604 580 1641 reficerent
607 1604 779 1641 tribunos
809 1604 952 1653 plebis;
983 1602 1194 1652 perlaturos
1213 1601 1327 1645 enim,

74 1681 172 1717 quae
192 1668 515 1718 promulgaverint
527 1681 536 1715 ;
568 1669 636 1713 sin,
658 1669 762 1718 quod
787 1669 924 1717 cuique
945 1667 1119 1716 privatim
1147 1678 1244 1715 opus
1269 1666 1325 1712 sit,
1342 1671 1380 1701 12

73 1734 111 1770 id
148 1734 267 1771 modo
306 1735 426 1784 accipi
465 1735 587 1781 velint,
624 1747 720 1784 opus
758 1746 840 1771 esse
879 1733 971 1770 nihil
1010 1732 1196 1770 invidiosa
1235 1744 1327 1769 con-

71 1799 282 1837 tinuatione
308 1799 486 1844 honoris;
518 1813 589 1837 nec
617 1812 658 1837 se
683 1800 916 1837 tribunatum
943 1810 1015 1835 nec
1043 1797 1127 1834 illos
1151 1809 1207 1842 ea,
1229 1808 1327 1846 quae

71 1864 312 1913 promulgata
331 1865 416 1909 sint,
437 1864 646 1902 habituros.

70 1993 202 2034 Appius
221 1993 383 2024 Claudius
403 1993 541 2024 Crassus
564 1993 749 2024 maintains
772 1993 846 2023 that
867 1992 921 2023 tlze
942 1992 1099 2023 demands
1121 1991 1161 2032 of
1174 1991 1228 2022 the
1250 1991 1284 2022 T
1279 1990 1324 2022 ri·
1340 1989 1412 2023 Ch.
1429 1990 1495 2024 40.

156 2045 254 2075 bunes
269 2055 326 2075 are
342 2045 574 2075 mzreasonable
589 2044 660 2074 and
671 2044 873 2083 tyrannz‘cal.

123 2122 315 2159 Adversus
338 2129 415 2159 tam
439 2122 670 2160 obstinatam
697 2122 911 2159 orationem
938 2121 1178 2158 tribunorum
1204 2132 1323 2170 quum
1339 2132 1355 2161 1

68 2199 159 2237 prae
188 2187 412 2236 indignitate
441 2199 567 2224 rerum
596 2194 728 2235 stupor
755 2186 1025 2236 silentiumque
1059 2186 1147 2224 inde
1177 2192 1323 2224 ceteros

67 2258 218 2302 patrum
248 2252 450 2298 defixisset,
477 2252 577 2302 App.
605 2251 788 2290 Claudius
818 2251 991 2297 Crassus,
1021 2263 1142 2300 nepos
1171 2251 1355 2290 decem-2

684 2329 708 2355 1.
