1670 2532
313 159 367 199 68
667 169 798 210 LIVY,
831 170 968 202 BOOK
991 170 1030 204 V.
1054 171 1207 216 25—27.

108 275 190 305 ΒΩ·
209 276 299 305 395-
314 274 416 312 iratis
451 275 641 320 offerrent,
662 276 930 314 verecundiam
961 276 1114 315 habent.
1175 276 1294 315 Simul
1319 276 1463 315 extrahi
1485 289 1566 315 rem

260 345 299 377 13
315 352 363 378 ex
383 352 430 379 eo
450 353 553 379 anno
566 341 751 387 viderunt,
768 342 942 380 tribunos
957 343 1078 392 plebis
1098 343 1235 381 latores
1255 343 1349 392 legis
1363 343 1402 380 in
1421 355 1566 381 annum

312 405 470 443 eosdem
501 407 699 454 reficiunt3
728 414 765 444 et
794 415 919 457 patres
950 407 1023 446 hoc
1051 408 1152 446 idern
1183 408 1230 446 de
1254 409 1566 447 intercessoribus

311 470 406 520 legis
439 473 587 518 annisi;
627 473 680 510 ita
713 473 853 510 tribuni
892 472 1014 523 plebis
1045 485 1188 523 magna
1225 486 1271 511 ex
1306 480 1412 523 parte
1450 473 1564 511 iidem

311 536 449 575 refecti.

141 649 210 682 Ch.
232 649 296 683 26.
312 658 329 693 ξ
350 664 376 687 1.
407 656 570 688 Camillus
594 655 622 686 is
644 666 766 696 among
784 655 837 687 tlte
861 655 1019 696 lllilitary
1049 656 1081 687 T
1077 655 1209 687 ribuncs
1231 655 1271 696 of
1287 655 1340 687 tlte
1355 665 1451 696 year.
1498 657 1514 692 5
1536 664 1564 695 3.

404 708 469 738 The
512 708 545 738 T
541 707 672 738 m'huncs
705 707 746 748 of
773 708 827 738 the
855 708 945 748 plebs
984 708 1066 738 wezil
1087 708 1149 748 χόν
1180 717 1224 737 an
1259 708 1398 738 occasion
1435 707 1568 747 against

401 759 573 796 Camillus,
599 758 672 789 who
697 759 845 789 conducis
872 759 924 790 the
951 759 1105 790 Fallscan
1129 759 1300 799 campm'gn
1329 757 1409 788 with
1437 768 1565 789 success.

398 813 414 848 ξ
433 819 462 850 9.
488 810 618 841 Falerii
633 810 661 840 is
677 809 850 845 hlockadcd,
867 810 924 840 hut
942 810 1002 840 has
1015 811 1105 851 large
1120 816 1217 841 stores
1227 820 1238 840 .·
1263 810 1333 841 and
1345 810 1397 841 tlte
1412 809 1566 847 blockadc,

399 861 522 902 butfor
537 871 582 891 an
598 861 750 899 accident,
769 862 880 892 would
892 862 973 893 have
989 862 1061 893 hccn
1078 873 1098 892 α
1113 862 1192 902 long
1202 872 1269 893 one.

283 937 299 966 1
369 928 545 966 Comitiis
573 929 813 966 tribunorum
842 929 1003 966 militurn
1028 937 1154 978 patres
1179 941 1329 966 summa
1352 941 1424 978 ope
1445 928 1565 966 evice-

313 1001 411 1039 runt,
446 1000 486 1030 ut
522 992 577 1030 M.
610 992 746 1031 Furius
781 993 964 1031 Camillus
1002 1001 1199 1032 crearetur.
1270 994 1430 1043 Propter
1467 992 1567 1047 bella

107 1071 190 1100 Ec.
207 1072 299 1100 394.
314 1059 543 1097 simulabant
563 1059 687 1108 parari
707 1058 844 1097 ducem
861 1072 870 1105 ;
900 1059 967 1097 sed
983 1059 1170 1109 largitioni
1193 1059 1413 1097 tribuniciae
1433 1059 1566 1096 adver-

281 1139 299 1169 2
315 1125 435 1162 sarius
465 1125 731 1174 quaerebatur.
791 1124 891 1162 Cum
913 1124 1076 1163 Camillo
1097 1125 1210 1162 creati
1235 1125 1374 1162 tribuni
1404 1124 1565 1161 militum

314 1189 502 1228 consulari
523 1197 710 1239 potestate
727 1189 770 1227 L.
785 1189 918 1227 Furius
935 1189 1172 1228 'Medullinus
1193 1197 1354 1235 sextum,
1377 1188 1420 1228 C.
1436 1189 1566 1226 Aemi-

312 1256 395 1301 lius,
425 1254 470 1292 L.
491 1255 665 1293 Valerius
697 1255 904 1301 Publicola,
939 1255 1001 1305 Sp.
1034 1255 1264 1300 Postumius,
1297 1255 1338 1292 P.
1365 1254 1567 1293 Cornelius

281 1331 300 1362 3
314 1322 462 1358 iterum.
527 1320 719 1370 Principio
758 1321 847 1358 anni
886 1321 1027 1358 tribuni
1066 1321 1186 1370 plebis
1225 1320 1317 1358 nihil
1355 1327 1566 1366 moverunt,

312 1388 436 1425 donec
458 1387 514 1424 M.
536 1386 672 1425 Furius
692 1387 878 1426 Camillus
899 1388 936 1424 in
958 1387 1137 1431 Faliscos,
1159 1388 1219 1425 cui
1239 1387 1277 1425 id
1296 1387 1436 1425 bellum
1457 1399 1566 1424 man·
1621 1433 1624 1435 Α

311 1453 444 1490 datum
460 1459 549 1496 erat,
563 1453 877 1502 proficisceretur.
916 1453 1139 1490 Differcndo
1161 1453 1298 1491 deinde
1315 1452 1480 1502 elanguit
1495 1464 1566 1498 res,

312 1526 349 1556 et
370 1518 547 1564 Camillo,
569 1530 685 1568 quem
709 1518 966 1556 adversarium
997 1519 1164 1556 maxime
1195 1519 1426 1563 metuebant,
1447 1517 1567 1568 gloria

283 1593 301 1623 4
314 1584 353 1621 in
373 1583 529 1621 Faliscis
558 1585 682 1622 crevit.
742 1584 846 1622 Nam
867 1596 986 1634 quum
1012 1585 1137 1634 primo
1157 1584 1358 1621 moenibus
1378 1595 1418 1621 se
1437 1582 1568 1621 hostes

312 1656 496 1695 tenerent,
525 1650 754 1688 tutissimum
785 1650 824 1688 id
852 1651 932 1696 rati,
964 1650 1209 1700 populatione
1243 1661 1423 1698 agrorum
1453 1656 1567 1698 atque

283 1715 500 1753 5incendiis
531 1715 703 1753 villarum
741 1716 867 1766 coegit
900 1728 966 1754 eos
1004 1715 1134 1765 egredi
1173 1715 1278 1753 urbe.
1336 1713 1412 1751 Sed
1453 1714 1568 1751 timor

313 1780 464 1829 longius
484 1781 662 1831 progredi
682 1782 872 1830 prohibuit
887 1794 898 1828 3
928 1781 1030 1818 mille
1052 1780 1126 1818 sere
1152 1791 1333 1830 passuum
1353 1780 1402 1816 ab
1422 1779 1567 1828 oppido

314 1853 438 1884 castra
457 1846 595 1892 locant,
617 1846 721 1884 nulla
741 1859 780 1884 re
801 1847 875 1884 alia
894 1846 1052 1884 fidentes
1073 1859 1118 1884 ea
1139 1846 1227 1883 satis
1248 1851 1328 1882 tuta
1347 1856 1429 1882 esse
1449 1857 1566 1894 quam

315 1910 533 1948 difficultate
562 1911 697 1955 aditus,
722 1912 865 1961 asperis
895 1912 1206 1961 confragosisque
1237 1911 1336 1948 circa
1363 1916 1400 1947 et
1429 1909 1567 1958 partim

283 1983 302 2014 6
316 1977 415 2023 arti&
436 1977 573 2027 partim
594 1978 721 2015 arduis
740 1978 819 2015 w‘is.
878 1977 1057 2015 Ceterum
1080 1976 1275 2022 Camillus,
1300 1975 1489 2025 captivum
1509 1974 1566 2010 in·

316 2042 443 2079 didem
472 2055 519 2080 ex
543 2043 643 2093 agris
674 2050 823 2081 secutus
844 2043 991 2088 ducem,
1012 2042 1142 2080 castris
1169 2041 1286 2078 multa
1309 2047 1420 2079 nocte
1439 2039 1566 2084 motis,

285 2112 302 2144 7
316 2108 438 2156 prima
458 2108 540 2146 luce
557 2108 754 2159 aliquanto
774 2109 1031 2159 superioribus
1051 2108 1142 2145 locis
1163 2119 1202 2144 se
1223 2106 1397 2144 ostendit.
1428 2105 1566 2142 Triarii

317 2171 484 2210 Romani
500 2175 745 2220 muniebant;
774 2174 869 2212 alius
885 2174 1071 2211 exercitus
1087 2172 1231 2222 proelio
1247 2173 1413 2209 intentus
1432 2171 1566 2208 stabat.

316 2235 375 2271 Ibi
404 2235 588 2285 impedire
618 2248 715 2286 opus
744 2243 905 2274 conatos
933 2235 1061 2273 hostes
1091 2234 1212 2272 fundit
1243 2234 1447 2283 fugatque3
1486 2241 1566 2270 tan-

315 2307 472 2350 tumque
502 2301 589 2340 inde
619 2302 770 2352 pavoris
790 2300 945 2340 Faliscis
967 2301 1147 2339 iniectum
1171 2306 1239 2345 est,
1260 2306 1301 2337 ut
1327 2298 1449 2337 effusa
1477 2297 1602 2352 fuga—-
