1670 2532
283 138 336 180 62
628 146 758 189 LJVY,
790 147 927 179 BOOK
959 147 997 180 V.
1022 150 1088 189 21,
1112 149 1179 180 22.

79 261 162 290 nc.
179 262 270 290 396.
283 266 350 303 per
377 254 455 292 dies
481 266 598 292 nemo
626 267 665 292 se
692 255 740 292 ab
767 254 993 291 stationibus
1021 253 1223 291 Romanus
1251 251 1442 299 movisset,
1464 258 1545 290 tum

284 319 384 357 velut
410 320 609 369 repentino
635 321 697 357 icti
724 319 850 357 furore
876 319 1076 368 improvidi
1105 324 1298 356 currerent
1326 318 1375 355 ad
1403 330 1545 355 muros.

255 385 469 422 8Inseritur
513 385 598 422 huie
643 385 729 422 loco
762 384 902 430 sabula,
936 384 1160 421 immolante
1204 395 1295 432 rege
1327 382 1545 420 Veientium

284 463 417 488 vocem
450 450 671 499 haruspicis,
702 450 871 495 dicentis,
901 450 966 499 qui
1001 450 1083 486 eius
1117 449 1265 487 hostiae
1296 454 1384 486 exta
1416 460 1546 498 prose-

283 517 431 562 cuisset,
454 516 488 553 ei
517 516 713 553 xict01·iam
742 515 834 570 dari,
855 515 1072 552 exauditam
1108 515 1146 551 in
1176 514 1354 551 cuniculo
1382 513 1547 551 movisse

288 581 488 619 Romanos
517 582 666 626 milites,
690 587 731 618 ut
759 555 942 630 adaperto
975 580 1154 618 cuniculo
1187 587 1276 617 exta
1306 585 1481 628 raperent
1511 587 1547 616 et

256 651 274 680 9
289 647 336 684 ad
357 648 581 684 dictatorem
604 647 755 684 se1·.rent
814 645 918 683 Sed
910 658 949 682 1n
970 646 1080 683 rebus
1101 652 1179 682 tam
1196 645 1373 693 antiquis,
1390 644 1431 690 si,
1450 656 1547 694 quae

286 712 422 750 similia
441 713 535 749 veris
556 713 640 757 sint,
655 724 726 761 pro
745 712 842 749 veris
863 711 1106 760 accipiantur,
1123 710 1212 747 satis
1236 710 1423 756 habeam;
1453 709 1548 746 haec

287 778 335 814 ad
355 778 650 815 ostentationem
671 789 807 815 scenae
828 777 1030 827 gaudentis
1050 776 1241 813 miraculis
1262 776 1410 825 aptiora
1429 786 1546 824 quam

289 843 337 880 ad
364 843 477 880 fidem
504 855 629 892 neque
657 843 845 880 affirmare
874 854 999 891 neque
1026 841 1193 879 refellere
1221 853 1359 890 operae
1386 840 1549 890 pretium

239 920 277 950 10
291 916 359 946 est.
415 908 621 946 Cuniculus
654 909 806 946 delectis
839 908 1021 945 militibus
1055 919 1103 945 eo
1137 916 1309 956 ternpore
1342 906 1477 955 plenus
1510 905 1548 941 in

290 974 425 1012 aedem
464 974 634 1020 Iunonis,
670 987 768 1024 quae
806 975 845 1011 in
884 973 1098 1011 Veientana
1132 985 1217 1009 arce
1256 978 1347 1018 erat,
1382 977 1549 1012 armatos

103 1043 107 1051 '
233 1054 240 1063 τ’
287 1047 441 1089 repente
470 1040 596 1086 edidit,
617 1048 652 1077 et
681 1053 767 1089 pars
798 1051 950 1077 aversos
979 1039 1019 1076 in
1048 1038 1166 1075 muris
1194 1037 1378 1074 invadunt
1407 1036 1548 1081 hostes,

287 1117 374 1155 pars
394 1105 554 1143 claustra
574 1113 772 1155 portarum
794 1105 987 1150 revellunt,
1008 1116 1106 1154 pars,
1123 1115 1242 1153 quum
1262 1115 1310 1140 ex
1331 1102 1437 1140 tectis
1458 1114 1550 1139 saxa

289 1171 514 1220 tegulaeque
550 1184 571 1208 a
606 1172 827 1209 mulieribus
861 1183 905 1208 ac
940 1169 1096 1207 servitiis
1135 1169 1354 1214 iacerentur,
1385 1167 1549 1204 inferunt

239 1250 277 1279 11
292 1238 411 1285 ignes.
469 1236 626 1275 Clamor
664 1238 794 1274 onmia
831 1236 942 1273 variis
982 1235 1203 1272 terrentium
1247 1246 1291 1271 ac
1331 1233 1550 1283 paventium

293 1303 460 1348 vocibus,
489 1304 610 1340 mixto
644 1303 845 1339 mulierum
875 1315 918 1339 ac
949 1313 1155 1351 puerorum
1183 1300 1346 1350 ploratu,
1373 1299 1549 1349 complet.

242 1373 279 1403 12
296 1368 501 1406 Momento
516 1369 698 1418 temporis
718 1368 872 1406 deiectis
892 1380 938 1405 ex
959 1379 1070 1404 muro
1089 1366 1260 1416 undique
1275 1365 1429 1403 armatis
1447 1371 1551 1414 pate-

293 1434 477 1483 factisque
507 1435 636 1484 porus,
657 1446 777 1483 quum
806 1433 866 1470 alii
896 1433 1048 1481 agmine
1077 1433 1271 1477 irruerent,
1293 1431 1353 1468 alii
1383 1431 1552 1468 desertos

293 1499 521 1537 scanderent
547 1511 691 1545 muros,
712 1500 803 1535 urbs
826 1499 999 1536 hostibus
1026 1498 1221 1547 impletur;
1252 1497 1432 1535 omnibus
1459 1495 1552 1533 locis

243 1575 281 1605 13
295 1572 487 1614 pugnatur
499 1577 508 1610 ;
539 1565 686 1611 deinde,
708 1564 826 1601 multa
852 1564 928 1600 iam
955 1563 1055 1600 edita
1079 1562 1208 1608 caede,
1229 1561 1389 1599 senescit
1411 1571 1552 1610 pugna,

295 1636 332 1667 et
363 1629 524 1667 dictator
556 1641 766 1679 praecones
799 1629 946 1666 edicere
978 1628 1093 1672 iubet,
1117 1635 1158 1664 ut
1191 1628 1240 1664 ab
1273 1626 1408 1663 inermi
1438 1625 1552 1663 absti—

245 1704 282 1734 14
297 1702 440 1733 neatur.
498 1695 536 1732 Is
556 1695 641 1732 finis
662 1695 859 1743 sanguinis
878 1693 957 1731 suit.
1012 1693 1112 1730 Dedi
1128 1692 1214 1729 inde
1230 1692 1396 1728 inermes
1415 1691 1551 1740 coepti,

295 1768 331 1799 et
358 1761 407 1798 ad
432 1761 615 1810 praedam
640 1760 748 1796 miles
771 1759 958 1808 permissu
985 1758 1177 1795 dictatoris
1199 1756 1385 1795 discurrit.
1442 1756 1553 1803 Quae

293 1838 414 1875 quum
449 1833 536 1863 ante
571 1825 706 1863 oculos
739 1825 821 1862 eius
855 1824 1090 1872 aliquantum
1124 1835 1190 1872 spe
1225 1829 1338 1871 atque
1372 1821 1554 1871 opinione

297 1892 420 1928 maior
444 1891 674 1939 maiorisque
699 1890 806 1939 pretii
834 1901 960 1926 rerum
987 1888 1155 1933 serretur,
1177 1888 1312 1924 dicitur
1340 1898 1479 1924 manus
1508 1886 1556 1923 ad

247 1963 284 1992 15
299 1956 446 1993 caelum
467 1955 603 1992 tollens
623 1962 797 2004 precatus
817 1966 909 2000 esse,
930 1960 982 1998 ut,
1004 1953 1035 1990 si
1061 1953 1122 1990 cui
1149 1952 1309 1990 deorum
1335 1952 1555 1989 hominum-

298 2033 372 2069 que
407 2021 526 2056 nimia
559 2032 629 2057 sua
661 2019 814 2057 fortuna
846 2018 1053 2068 populique
1087 2017 1256 2055 Romani
1288 2017 1485 2063 videretur,
1515 2022 1556 2053 ut

298 2097 384 2123 eam
405 2086 583 2122 invidiam
604 2085 722 2122 lenire
738 2096 855 2134 quam
876 2084 1038 2121 minimo
1056 2095 1126 2120 suo
1145 2083 1292 2132 privato
1306 2082 1557 2120 incommodo

250 2160 289 2190 16
301 2150 532 2200 publicoque
551 2150 682 2199 populi
704 2149 873 2187 Romani
892 2149 1029 2186 liceret.
1086 2148 1382 2186 Convertentem
1402 2159 1440 2185 se
1460 2148 1558 2184 inter

300 2216 399 2253 hane
415 2215 699 2252 venerationem
714 2215 872 2252 traditur
886 2213 1096 2252 memoriae
1115 2213 1336 2263 prolapsum
1351 2213 1556 2258 cecidisse;

299 2281 413 2330 idque
440 2292 557 2319 omen
583 2280 808 2330 pertinuisse
836 2286 970 2330 postea
997 2285 1134 2318 eventu
1152 2290 1234 2316 rem
1254 2278 1557 2317 coniectantibus
