1670 2532
279 134 336 173 40
701 129 832 171 HVJ,
862 129 999 161 BOOK
1021 128 1059 160 V.
1082 121 1121 161 6.

66 310 150 339 8.c.
167 311 259 338 403.
281 308 290 324 ‘
301 307 505 339 Endurance
522 308 550 338 is
569 307 723 338 essential
741 311 771 338 to
793 307 945 347 military
960 306 1154 347 discipline:
1177 306 1248 337 and
1261 306 1289 336 it
1304 305 1333 336 is
1346 305 1539 336 scandalous

368 359 441 390 that
456 359 555 390 while
571 359 767 390 individual
779 358 989 389 disobedicncc
1002 359 1030 388 is
1038 358 1214 399 punt'slzcd,
1226 357 1339 398 public
1351 357 1539 388 incitcmcnt

368 416 399 442 to
429 411 561 450 mutiny
586 410 706 441 should
723 421 764 451 go
783 410 870 450 free.
922 410 954 440 T
949 410 1006 440 hat
1033 410 1061 440 is
1087 420 1107 440 a
1137 420 1230 449 sorry
1250 408 1398 450 srecdom
1429 408 1536 439 which

367 463 507 502 destroys
529 466 645 502 respect
657 461 720 503 sor
743 462 818 499 law,
843 461 1013 497 tradition,
1036 461 1108 491 and
1125 461 1172 491 di
1171 461 1306 501 wffline
1311 460 1318 471 '

87 555 158 587 Ch.
177 556 211 588 6.
250 557 264 586 1
335 549 410 594 ‘Si,
442 548 715 594 mediusfidius,
747 547 797 584 ad
834 547 909 585 hoc
924 547 1123 611 beQm
1118 547 1210 584 nihil
1240 547 1458 613 pertineret,
1488 547 1537 584 ad

279 615 518 664 disciplinam
547 621 647 651 certe
677 613 832 650 militiae
863 613 1070 662 plurimum
1105 598 1291 659 intererat,
1320 606 1538 650 insuescere

196 681 477 747 ΝΔζῐῐιιίιῑεὶῐῑι
466 686 639 731 nostrum
670 691 750 716 non
783 678 908 716 solum
940 686 1072 727 parata
1103 679 1257 717 victoria
1292 678 1373 724 frui,
1402 678 1477 721 sed,
1507 678 1538 715 si

247 741 394 784 2etiam
422 758 482 783 res
498 736 657 782 Ίὲῃῑίὸτ
674 745 730 790 sit,
754 745 831 793 pati
860 744 1025 782 taedium
1054 752 1090 782 et
1117 735 1290 794 quamvis
1321 756 1425 782 serae
1456 744 1537 793 spei

278 812 423 849 exitum
443 817 667 859 exspectare
688 817 734 855 et,
757 810 787 846 si
808 822 887 847 non
913 810 958 848 sit
984 817 1125 847 aestate
1152 810 1362 859 perfectum
1382 810 1537 856 bellum,

277 877 444 914 hiemem
470 876 636 925 opperiri
661 887 746 920 nec,
768 875 864 912 sicut
889 875 1048 913 aestivas
1077 887 1175 920 aves,
1197 877 1320 912 statim
1350 882 1537 912 autumno

246 948 377 982 3tecta
403 954 447 980 ac
473 952 665 979 recessum
695 941 998 989 circumspicere.
1057 939 1228 978 Obsecro
1253 953 1342 978 vos:
1372 941 1537 978 venandi

277 1007 445 1045 studium
477 1019 523 1044 ac
555 1006 729 1055 voluptas
768 1005 944 1043 homines
984 1018 1052 1055 per
1090 1007 1194 1043 nives
1227 1018 1272 1043 ac
1306 1006 1463 1055 pruinas
1497 1006 1536 1043 in

276 1080 428 1111 montes
448 1072 634 1121 silvasque
655 1071 775 1120 rapit;
801 1070 887 1108 belli
905 1071 1191 1109 necessitatibus
1211 1084 1296 1109 eam
1313 1072 1536 1121 patientiam

278 1150 358 1176 non
397 1137 676 1180 adhibebimus,
708 1148 825 1185 quam
864 1136 921 1174 vel
962 1137 1067 1175 lusus
1106 1149 1150 1174 ac
1189 1137 1362 1187 voluptas
1400 1137 1536 1174 elicere

243 1203 398 1241 4solet?
454 1203 617 1240 Adeone
655 1202 874 1240 effeminata
914 1213 1078 1251 corpora
1117 1202 1277 1239 militum
1316 1209 1535 1240 nostrorum

275 1280 360 1306 esse
397 1276 587 1318 putamus,
624 1268 723 1305 adeo
762 1267 898 1305 molles
938 1268 1100 1313 animos,
1133 1274 1174 1304 ut
1213 1267 1379 1305 hiemem
1416 1280 1535 1306 unam

275 1334 409 1371 durare
425 1334 464 1371 in
479 1334 622 1379 castris,
637 1334 771 1370 abesse
795 1333 845 1370 ab
860 1333 979 1370 domo
996 1345 1074 1371 non
1095 1333 1268 1382 possint?
1295 1341 1335 1370 ut
1352 1341 1535 1383 tanquam

274 1399 406 1437 navale
445 1399 587 1436 bellum
627 1399 919 1448 tempestatibus
964 1398 1165 1447 captandis
1210 1406 1247 1436 et
1290 1399 1534 1437 observando

275 1471 448 1513 ternpore
467 1464 558 1502 anni
578 1471 722 1513 gerant,
744 1476 825 1501 non
846 1470 983 1508 aestus,
1005 1475 1084 1500 non
1107 1463 1246 1513 frigora
1266 1464 1341 1513 pati
1362 1465 1534 1514 possint?

241 1529 513 1567 5Erubescant
542 1529 727 1578 profecto,
760 1529 790 1565 si
831 1529 914 1578 quis
954 1529 1008 1566 eis
1048 1528 1141 1566 haec
1180 1530 1345 1575 obiiciat,
1375 1537 1534 1567 conten·

275 1594 452 1644 dantque,
474 1602 511 1632 et
543 1595 681 1632 animis
710 1601 746 1632 et
778 1595 1004 1644 corporibus
1035 1594 1111 1631 suis
1139 1594 1283 1631 virilem
1312 1596 1534 1644 patientiam

274 1661 408 1705 inesse,
428 1667 465 1698 et
485 1673 525 1698 se
546 1661 651 1697 iuxta
669 1660 795 1698 hieme
823 1668 936 1710 atque
965 1667 1106 1697 aestate
1133 1660 1230 1698 bella
1253 1673 1384 1709 gerere
1407 1674 1534 1710 posse,

274 1738 345 1763 nec
379 1737 418 1762 se
448 1710 706 1774 patrocinium
744 1725 926 1762 mollitiae
962 1726 1194 1775 inertiaeque
1232 1726 1436 1763 mandasse
1469 1727 1533 1763 tri·

190 1832 195 1836 .
273 1791 397 1837 bunis,
416 1797 452 1828 et
470 1791 700 1837 meminisse,
722 1791 821 1828 hanc
843 1792 966 1841 ipsam
992 1798 1217 1840 potestatem
1240 1804 1318 1829 non
1338 1792 1375 1828 in
1398 1793 1534 1830 umbra

195 1865 202 1870 ’
243 1864 346 1894 6nec
366 1856 405 1893 in
424 1857 532 1894 tectis
558 1857 720 1894 maiores
748 1869 837 1894 suos
865 1869 1023 1894 creasse.
1082 1857 1190 1895 Haec
1211 1858 1344 1894 virtute
1371 1857 1532 1893 militum

275 1929 497 1967 vestrorum,
518 1921 612 1960 haec
643 1921 824 1960 Romano
852 1923 1007 1960 nomine
1038 1929 1124 1960 sunt
1154 1922 1284 1970 digna,
1306 1933 1382 1959 non
1413 1921 1533 1960 Veios

274 1993 421 2024 tantum
451 1999 522 2024 nec
550 1987 623 2025 hoc
654 1988 795 2025 bellum
830 1989 976 2034 intueri,
1004 1988 1108 2038 quod
1137 1989 1263 2034 instat,
1293 1987 1360 2025 sed
1389 1987 1532 2024 samam

274 2059 310 2089 et
330 2052 378 2088 ad
398 2052 470 2089 alia
486 2053 584 2090 bella
604 2053 704 2090 etad
720 2061 866 2091 ceteros
882 2054 1047 2103 populos
1069 2055 1107 2091 in
1123 2060 1317 2103 posterum
1336 2064 1531 2102 quaerere.

241 2117 336 2155 7An
366 2117 558 2154 mediocre
590 2119 792 2155 discrimen
827 2119 1021 2168 opinionis
1055 2126 1273 2156 secuturum
1305 2130 1352 2155 ex
1386 2117 1457 2154 hac
1491 2129 1531 2154 re

247 2182 423 2243 4pgtaffls,
445 2190 570 2219 utrum
601 2183 755 2220 tandem
786 2184 935 2221 finitimi
965 2184 1153 2233 populum
1186 2183 1407 2221 Romanurn
1441 2194 1530 2220 eum

280 2261 415 2299 tribuni
430 2254 532 2295 nent,
561 2248 668 2286 cuius
699 2249 728 2286 si
758 2261 835 2299 qua
865 2249 955 2287 urbs
986 2250 1150 2299 primum
1184 2249 1288 2286 illum
1322 2247 1530 2286 brevissimi
