1582 2543
289 123 550 164 QUARRELS
576 123 641 154 IN
669 122 769 154 THE
804 122 941 154 CAMP
967 122 1041 153 AT
1066 121 1180 153 VEJJ.
1311 121 1365 165 45

107 230 254 280 ginium
280 242 328 267 ex
355 229 497 275 castris,
520 228 663 266 interea
691 241 867 278 pracesse
886 228 1033 277 legatos
1057 227 1210 277 placuit.
1268 227 1366 263 Acta
1380 234 1463 263 nc.
1478 235 1570 262 402.

107 295 243 334 deinde
288 296 327 332 in
372 301 506 332 senatu
550 307 610 332 res
654 302 711 332 est
757 301 1020 343 certatumque
1064 294 1161 330 inter
1199 291 1366 339 collegas
1382 293 1419 322 13

108 361 329 400 maledictis.
388 360 502 397 Pauci
522 361 574 398 rei
596 360 894 412 publicae„huic
914 367 1029 409 atque
1049 359 1110 404 illi,
1131 365 1172 395 ut
1192 369 1365 408 quosque

109 427 275 465 studium
295 426 469 476 privatim
488 433 551 463 aut
572 427 691 476 gratia
711 432 1000 476 occupaverant,
1022 425 1172 462 adsunt.

109 525 143 557 lt
164 525 192 556 z's
202 525 359 566 proposed
369 525 442 555 that
458 535 530 555 new
550 525 711 565 sllililary
733 526 765 556 T
761 525 893 556 rz'buncs
908 525 942 556 be
962 524 1076 556 elected
1083 523 1146 565 for
1168 527 1216 554 lst
1240 520 1370 553 October
1380 523 1453 556 Ch,
1473 524 1509 556 9,

196 576 325 607 instead
343 577 383 617 os
395 577 467 615 13llz
487 577 680 607 December:
705 577 876 608 resz'slance
889 577 983 618 from
1002 576 1053 607 the
1069 576 1217 606 tribunes
1233 575 1270 605 in
1286 573 1369 614 qffice

196 629 225 659 z's
250 628 420 659 overlmrne
446 629 484 668 by
510 629 545 660 C.
570 628 736 659 Sctvz'lius
762 629 875 660 Ahala
903 628 1116 668 tlzrcalem‘ng
1138 632 1168 658 to
1191 626 1326 667 appoz'nt
1347 635 1369 655 α

195 680 343 711 dictator.

164 747 353 784 Primores
378 754 540 797 patrum,
563 748 639 785 sive
667 747 781 796 culpa
811 748 887 785 sive
917 746 1131 785 infelicitate
1160 746 1397 795 imperato-1

109 825 193 850 rum
214 820 291 849 tam
312 814 571 862 ignominiosa
597 813 725 851 clades
755 820 916 862 accepta
935 819 1047 859 esset,
1069 823 1263 857 censuere,
1284 822 1365 848 non

110 879 412 928 exspectandum
442 879 583 916 iustum
614 886 766 928 tempus
797 879 1050 924 comitiorum,
1079 878 1146 915 sed
1170 876 1365 926 extemplo

79 994 83 997 ,
110 957 232 982 novos
252 945 426 981 tribunos
457 945 619 981 militum
641 944 829 982 creandos
850 956 945 989 esse,
967 944 1033 993 qui
1057 943 1224 980 calendis
1245 941 1364 980 Octo·
1382 964 1398 969 «-

111 1011 240 1047 bribus
287 1011 551 1058 magistratum
591 1010 821 1058 occiperent.
898 1009 945 1046 In
984 1021 1099 1058 quam
1138 1007 1364 1045 sententiam
1380 1002 1415 1042 2'

111 1087 231 1125 quum
261 1075 421 1130 pedibus
451 1075 577 1122 iretur,
599 1075 712 1112 ceteri
734 1075 873 1111 tribuni
903 1074 1065 1111 militum
1095 1073 1187 1110 nihil
1215 1078 1365 1110 contra·

110 1141 260 1198 dicere;
287 1125 344 1199 at·
367 1141 559 1178 enimveio
592 1140 746 1189 Sergius
767 1139 1062 1189 Verginiusque,
1087 1145 1244 1189 propter
1268 1148 1396 1187 quos3

76 1210 80 1213 “
109 1195 302 1256 paenitere
332 1203 630 1254 magistratuum
671 1206 751 1243 eius
791 1206 882 1242 anni
923 1212 1097 1242 senatum
1144 1205 1364 1254 apparebat,

110 1273 235 1333 primo
265 1271 459 1321 deprecari
489 1271 752 1319 ignominiam,
778 1271 917 1323 deinde
949 1271 1183 1308 intercedere
1209 1277 1365 1307 senatus

110 1327 298 1383 consulto,
337 1349 488 1387 negare,
530 1349 570 1374 se
603 1344 690 1374 ante
729 1337 812 1373 idus
834 1325 1095 1382 Decembres,
1136 1336 1364 1373 sollemnem

111 1403 288 1440 ineundis
307 1403 593 1451 magistratibus
615 1403 726 1447 diem,
751 1402 898 1440 honore
919 1403 1089 1439 abituros
1109 1414 1203 1439 esse.
1261 1400 1364 1437 Inter
1378 1409 1397 1440 4

110 1467 202 1505 haec
223 1468 359 1504 tribuni
376 1468 507 1516 plebis,
523 1480 643 1516 quum
664 1469 700 1504 in
719 1468 928 1505 concordia
949 1467 1149 1504 hominum
1170 1465 1364 1503 secundis-

109 1545 183 1582 que
217 1533 330 1570 rebus
361 1533 515 1569 civitatis
538 1533 641 1569 inviti
671 1533 862 1570 silentium
892 1533 1113 1577 tenuissent,
1133 1531 1278 1569 feroces
1307 1543 1365 1568 re-

109 1604 223 1647 pente
252 1598 388 1635 minari
419 1598 577 1635 tribunis
597 1598 770 1644 militurn,
794 1599 864 1635 nisi
894 1598 932 1635 in
960 1597 1181 1635 auctoritate
1211 1603 1365 1634 senatus

108 1670 246 1709 essent,
269 1676 308 1701 se
327 1664 366 1700 in
386 1663 512 1701 vincla
531 1675 598 1700 eos
619 1664 706 1701 duci
734 1665 904 1701 iussuros
933 1675 1028 1701 esse.
1087 1663 1192 1700 Tum
1213 1662 1256 1700 C.
1279 1662 1364 1700 Ser·
1378 1666 1398 1698 5

108 1730 218 1766 vilius
238 1729 363 1766 Ahala
387 1729 560 1766 tribunus
589 1729 774 1766 militum:
808 1729 949 1776 ‘Quod
973 1730 1022 1767 ad
1041 1741 1109 1767 vos
1139 1729 1281 1774 attinet,
1303 1735 1365 1765 tri-

109 1796 202 1833 buni
226 1795 359 1844 plebis,
381 1795 582 1843 minasque
611 1802 764 1840 vestras,
783 1808 842 1852 ἃς
865 1808 940 1844 ego
970 1795 1132 1832 libenter
1160 1794 1365 1843 experirer,

109 1872 226 1909 quam
246 1873 325 1898 non
346 1861 432 1910 plus
452 1860 490 1896 in
511 1861 556 1896 iis
579 1861 669 1897 iuris
690 1873 806 1909 quam
826 1860 864 1897 in
880 1861 987 1898 vobis
1009 1860 1126 1897 animi
1150 1866 1269 1905 esset;
1298 1859 1365 1897 sed
1379 1866 1397 1895 6

109 1926 214 1963 nefas
231 1934 288 1963 est
307 1926 466 1963 tendere
487 1925 666 1963 adversus
687 1927 952 1963 auctoritatem
974 1932 1142 1963 senatus.
1200 1924 1366 1962 Proinde

109 1998 146 2029 et
160 2004 231 2030 vos
251 1992 410 2029 desinite
430 1992 527 2028 inter
543 1999 674 2028 nostra
694 1992 904 2028 certamina
924 1992 1052 2028 locum
1074 1991 1232 2028 iniuriae
1248 2003 1366 2040 quae-

109 2070 203 2103 rere,
223 2064 262 2094 et
286 2057 458 2106 collegae
488 2063 554 2094 aut
581 2056 732 2102 facient,
757 2056 863 2106 quod
893 2062 1023 2093 censet
1052 2062 1217 2101 senatus,
1239 2063 1314 2101 aut,
1336 2056 1366 2093 si

109 2123 337 2172 pertinacius
365 2122 536 2168 tendent,
558 2121 784 2158 dictatorem
812 2121 1007 2170 extemplo
1036 2122 1174 2167 dicam,
1205 2121 1270 2171 qui
1299 2134 1366 2158 eos

109 2189 214 2225 abire
235 2189 458 2238 magistratu
478 2185 616 2236 cogat.’
658 2186 792 2232 Quum
812 2187 987 2224 omnium
1008 2199 1168 2224 assensu
1188 2198 1366 2235 compro·
1381 2189 1399 2221 7

110 2254 199 2291 bata
231 2254 354 2291 oratio
393 2260 503 2299 esset,
535 2252 825 2302 gauderentque
863 2258 992 2302 patres
1022 2252 1104 2290 sine
1143 2251 1366 2289 tribuniciae
