1736 2521
357 161 437 204 134
705 157 834 198 LJVY,
865 157 1002 189 BOOK
1025 156 1084 189 VJ.
1110 161 1174 198 20,
1198 160 1264 190 21.

146 273 228 302 nc.
247 274 337 302 384.
353 265 496 303 crimen
524 265 572 302 ab
599 264 886 303 accusatoribus
910 264 1058 302 obiecta
1088 264 1162 302 sint
1188 277 1264 310 reo,
1286 263 1388 314 apud
1416 264 1611 301 neminem

320 336 550 368 5auct0rem
580 331 755 374 invenio;
791 342 862 367 nec
893 329 1038 375 dubito,
1058 329 1162 367 haud
1191 342 1308 379 parva
1337 330 1464 376 fuisse,
1490 341 1610 380 quum

354 396 562 434 damnandi
597 409 704 434 mora
734 395 837 445 plebi
870 407 950 432 non
986 395 1024 432 in
1055 408 1182 441 causa,
1207 396 1274 433 sed
1303 396 1343 432 in
1371 395 1458 434 loco
1488 395 1609 434 fuerit.

353 461 452 500 Illud
472 462 688 499 notandum
708 461 863 507 videtur,
884 468 925 498 ut
940 462 1061 498 sciant
1081 461 1267 507 homines,
1289 473 1385 511 quae
1411 468 1447 499 et
1467 467 1611 511 quanta

354 528 491 566 decora
510 527 622 565 foeda
643 527 828 576 cupiditas
848 527 957 575 regni
978 540 1057 565 non
1077 528 1227 577 ingrata
1247 528 1385 574 solum,
1402 528 1469 565 sed
1489 526 1612 564 invisa

321 595 467 632 ssetiam
506 593 733 631 reddiderit:
782 592 959 630 homines
1002 605 1122 643 prope
1170 594 1473 643 quadringentos
1521 605 1610 643 pro-

352 660 505 697 duxisse
545 660 689 706 dicitur,
723 659 862 708 quibus
908 659 990 697 sine
1028 659 1158 698 fenore
1195 672 1387 710 expensas
1426 659 1610 709 pecunias

352 725 505 771 tulisset,
535 737 701 776 quorum
738 725 844 762 bona
877 725 1018 771 venire,
1049 737 1148 775 quos
1188 725 1275 763 duci
1310 725 1483 763 addictos
1522 737 1610 775 pro-

321 798 337 829 7
353 790 556 837 hibuisset;
586 791 634 829 ad
649 791 744 828 haec
761 790 901 829 decora
916 803 1072 841 quoque
1088 791 1172 828 belli
1189 803 1268 829 non
1284 803 1610 829 commemorasse

351 863 510 902 tantum,
531 857 598 894 sed
624 856 826 907 protulisse
853 857 969 894 etiam
996 856 1278 906 conspicienda,
1301 857 1421 907 spolia
1441 856 1610 894 hostium

351 934 552 960 caesorum
579 922 629 960 ad
656 923 818 972 triginta,
840 922 943 960 dona
969 922 1243 972 imperatorum
1269 922 1319 960 ad
1348 922 1609 973 quadraginta,

352 989 391 1026 in
426 989 564 1038 quibus
595 988 763 1038 insignes
796 988 890 1026 duas
923 988 1088 1027 murales
1120 1001 1296 1035 coronas,
1326 989 1463 1026 civicas
1497 995 1609 1034 oct0;

322 1054 402 1093 Sad
427 1054 502 1092 hoc
529 1061 694 1092 servatos
723 1052 773 1092 ex'
799 1054 972 1092 hostibus
1002 1055 1103 1093 cives
1135 1052 1365 1107 [produxit],
1385 1055 1483 1092 inter
1511 1065 1610 1104 quos

353 1120 397 1159 C.
429 1120 627 1158 Servilium
660 1121 884 1170 magistrum
913 1121 1084 1171 equitum
1123 1122 1321 1159 absentem
1359 1121 1609 1166 nominatim;

353 1193 390 1224 et
417 1199 535 1237 quum
561 1199 606 1225 ea
632 1199 796 1237 quoque,
818 1199 915 1238 quae
942 1187 1043 1224 bello
1069 1194 1179 1237 gesta
1205 1193 1342 1234 essent,
1363 1199 1433 1237 pro
1458 1186 1609 1237 fastigio

351 1265 478 1290 rerum
511 1253 682 1291 oratione
713 1254 826 1291 etiam
866 1253 1083 1303 magnifica,
1114 1253 1214 1291 sacta
1247 1253 1356 1291 dictis
1395 1252 1609 1303 aequando,

351 1325 614 1365 memorasset,
648 1319 813 1358 nudasse
856 1327 988 1369 pectus
1031 1308 1180 1370 insigne
1225 1319 1464 1358 cicatricibus
1510 1318 1611 1356 bello

322 1392 340 1422 9
355 1386 519 1435 acceptis
539 1391 575 1422 et
596 1385 803 1423 identidem
824 1385 1059 1444 Capitolium
1087 1393 1263 1447 spectans
1284 1386 1418 1424 Iovem
1438 1385 1610 1436 deosque

353 1450 447 1488 alios
473 1450 678 1489 devocasse
703 1451 751 1488 ad
777 1452 960 1488 auxilium
980 1443 1218 1490 fortunarum
1245 1464 1398 1490 suarum
1417 1458 1610 1502 precatus-

353 1529 427 1567 que
453 1529 547 1563 esse,
567 1524 619 1563 ut,
641 1529 758 1566 quam
785 1524 957 1555 mentem
982 1518 1052 1555 sibi
1079 1517 1338 1568 Capitolinam
1366 1531 1492 1556 arcem
1522 1529 1609 1567 pro-

352 1583 495 1633 tegenti
522 1582 571 1620 ad
596 1583 757 1621 salutem
784 1583 915 1633 populi
937 1583 1105 1629 Romani
1135 1584 1338 1631 dedissent,
1359 1597 1446 1622 eam
1466 1583 1610 1634 populo

356 1647 535 1687 Romano
573 1637 633 1685 in⁴
651 1661 721 1687 suo
749 1644 977 1687 'discrimine
1018 1649 1161 1692 darent,
1197 1658 1233 1688 et
1271 1663 1401 1688 orasse
1440 1648 1610 1700 singulos

354 1715 638 1764 universosque,
672 1722 712 1752 ut
750 1714 983 1764 Capitolium
1017 1722 1131 1766 atque
1170 1729 1298 1754 arcem
1334 1717 1536 1761 intuentes,
1570 1721 1612 1753 ut

303 1788 342 1818 10
355 1781 404 1817 ad
438 1780 531 1818 deos
565 1780 797 1818 immortales
832 1781 928 1819 versi
963 1782 1009 1819 de
1043 1794 1084 1819 se
1114 1782 1337 1820 iudicarent.
1394 1781 1441 1818 In
1472 1792 1610 1830 campo

355 1845 496 1884 Martio
531 1859 651 1897 quum
686 1847 923 1885 centuriatim
956 1847 1120 1898 populus
1158 1849 1346 1894 citaretur,
1376 1854 1413 1884 et
1443 1859 1529 1884 reus
1561 1846 1612 1884 ad

355 1911 586 1962 Capitolium
612 1925 749 1951 manus
775 1913 935 1951 tendens
959 1915 1008 1951 ab
1035 1913 1254 1951 hominibus
1283 1913 1331 1950 ad
1359 1913 1452 1951 deos
1477 1923 1611 1963 preces

355 1979 560 2025 avertisset,
581 1979 756 2029 apparuit
776 1980 947 2024 tribunis,
969 1979 1040 2016 nisi
1066 1979 1200 2017 oculos
1226 1991 1381 2029 quoque
1407 1978 1610 2015 hominum

354 2044 578 2082 liberassent
599 2046 693 2082 tanti
719 2046 904 2083 memoria
931 2045 1310 2096 decoris‚‘nunquam
1332 2044 1410 2094 fore
1435 2045 1475 2081 in
1500 2055 1611 2094 prae-

305 2121 342 2149 11
356 2111 552 2160 occupatis
577 2111 765 2148 beneficio
792 2111 930 2148 animis
955 2123 1042 2148 vero
1070 2100 1216 2148 crimini
1241 2109 1381 2149 locum.
1438 2110 1497 2147 Ita
1522 2121 1610 2159 pro—

357 2175 455 2213 dicta
476 2176 547 2223 die,
568 2177 606 2213 in
628 2176 841 2214 Petelinum
857 2176 985 2215 lucum
1006 2183 1112 2214 extra
1135 2184 1286 2226 portam
1306 2175 1611 2220 Flumentanam,

358 2240 458 2279 unde
479 2248 706 2292 conspectus
723 2243 761 2279 in
785 2242 1017 2292 Capitolium
1037 2254 1117 2280 non
1138 2249 1248 2288 esset,
1263 2242 1465 2280 concilium
1481 2240 1612 2291 populi

358 2307 541 2345 indictum
561 2314 627 2345 est.
684 2307 744 2345 Ibi
765 2307 908 2345 crimen
928 2307 1054 2354 valuit,
1075 2314 1112 2346 et
1132 2308 1333 2345 obstinatis
1352 2307 1489 2345 animis
1509 2306 1611 2345 triste
