1670 2532
254 80 331 122 108
630 91 760 134 LJVY,
788 92 926 124 BOOK
949 93 1006 126 VJ.
1033 97 1067 134 1,
1091 97 1124 126 2.

45 208 126 236 nc.
144 208 235 239 390,
247 197 416 246 gentium
435 204 661 247 pugnasset;
689 198 749 234 cui
770 198 908 235 iudicio
925 211 1012 235 eum
1032 211 1137 236 mors
1157 199 1254 237 adeo
1271 207 1500 250 opportuna,

216 270 287 310 7ut
305 262 554 300 voluntariam
579 274 721 311 magna
747 275 835 312 pars
861 263 1037 309 crederet,
1058 265 1253 302 subtraxit.
1310 265 1499 316 Interreg-

44 336 126 364 nc.
144 337 234 364 389.
247 339 339 364 num
372 327 529 374 initum3
570 326 612 364 P.
637 326 840 364 Cornelius
871 327 997 377 Scipio
1031 329 1205 375 interrex,
1232 337 1269 367 et
1297 338 1382 379 post
1411 343 1500 368 eum

215 392 301 431 SM.
323 392 460 430 Furius
490 392 685 430 Camillus,
743 393 781 430 Is
810 393 983 431 tribunos
1017 395 1177 431 militum
1211 396 1402 432 consulari
1432 408 1500 446 po-

246 465 379 495 testate
395 465 497 495 creat
513 457 557 494 L.
570 457 765 495 Valerium
783 458 1023 497 Publicolam
1044 460 1189 505 iterum,
1204 459 1246 497 L.
1261 460 1499 510 Verginium,

247 522 286 559 P.
313 522 545 569 Cornelium,
566 524 612 560 A.
642 522 841 569 Manlium,
868 523 912 561 L.
940 525 1157 569 Aemilium,
1180 524 1221 561 L.
1249 525 1499 564 Postumium.

214 588 301 627 9Hi
328 601 375 625 ex
409 589 627 638 interregno
658 601 778 638 quum
812 589 1006 638 extemplo
1034 591 1299 639 magistratum
1330 591 1498 638 inissent,

246 652 348 690 nulla
367 653 413 690 de
429 667 467 690 re
482 655 587 703 prius
603 666 720 703 quam
736 654 782 691 de
800 655 1046 704 religionibus
1067 666 1241 692 senatum
1261 657 1498 696 consuluere.

194 721 233 751 10
246 718 292 754 In
325 719 454 768 primis
482 719 637 756 foedera
670 732 714 757 ac
751 720 856 768 leges
887 722 1008 770 (erant
1040 729 1165 758 autem
1195 733 1264 758 eae
1294 721 1499 760 duodecim

245 783 396 821 tabulae
433 791 471 821 et
508 785 698 833 quaedam
728 786 854 835 regiae
892 784 1010 836 leges)
1044 786 1227 835 conquiri,
1257 799 1356 836 quae
1393 800 1500 825 com-

244 856 430 898 parerent,
459 850 671 898 iusserunt;
716 852 789 889 alia
827 864 874 889 ex
906 852 960 889 eis
993 852 1094 889 edita
1127 853 1239 889 etiam
1270 853 1307 889 in
1340 853 1499 902 vulgus3

245 927 342 963 quae
369 923 496 953 autem
523 916 570 953 ad
601 929 706 954 sacra
732 919 981 968 pertinebant,
1004 931 1025 955 a
1050 919 1292 967 pontificibus
1319 920 1498 965 maxime,

245 987 285 1016 ut
305 979 486 1029 religione
511 982 712 1019 obstrictos
741 983 924 1021 haberent
951 984 1200 1021 multitudinis
1227 985 1388 1029 animos,
1410 996 1497 1033 sup—
1538 986 1542 989 ⁴

191 1049 226 1079 1]
246 1057 387 1094 pressa.
427 1045 529 1082 Tum
551 1047 596 1084 de
612 1047 746 1085 diebus
762 1049 947 1098 religiosis
963 1049 1094 1097 agitari
1111 1057 1300 1099 coeptum,
1318 1050 1498 1098 diemque

245 1122 277 1146 a.
300 1110 334 1147 d.
354 1123 403 1147 xv
423 1111 509 1148 Kal.
533 1112 701 1159 Sextiles,
729 1113 867 1163 duplici
898 1115 1004 1152 clade
1031 1116 1231 1165 insignem,
1253 1127 1331 1164 quo
1361 1115 1421 1151 die
1450 1114 1499 1151 ad

247 1174 469 1212 Cremeram
496 1176 603 1213 Fabii
633 1179 743 1224 caesi,
765 1191 843 1228 quo
874 1180 1010 1217 deinde
1040 1180 1089 1217 ad
1108 1181 1234 1218 Aliam
1263 1192 1352 1217 curn
1381 1179 1498 1216 exitio

243 1241 347 1278 urbis
366 1240 478 1279 foede
504 1250 727 1292 pugnatum,
749 1257 771 1281 a
798 1246 1004 1294 posteriore
1026 1245 1132 1283 clade
1155 1246 1348 1284 Aliensem
1369 1245 1499 1295 appel-

244 1306 378 1352 larunt,
399 1307 666 1357 insignemque
688 1310 738 1346 rei
760 1310 850 1346 nulli
872 1311 1020 1360 publice
1047 1311 1298 1361 privatimque
1327 1311 1499 1361 agendae

190 1376 228 1406 12
245 1369 424 1408 fecerunt.
485 1371 664 1418 Quidam,
699 1374 804 1422 quod
842 1376 1021 1424 postridie
1059 1377 1144 1413 idus
1183 1375 1372 1422 Quintiles
1419 1388 1499 1414 non

244 1436 384 1474 litasset
419 1436 606 1486 Sulpicius
640 1438 814 1475 tribunus
845 1440 1017 1485 militum,
1047 1453 1173 1489 neque
1213 1441 1365 1478 inventa
1403 1453 1498 1490 pace

243 1502 357 1540 deum
377 1510 462 1551 post
482 1502 583 1539 diem
605 1504 755 1540 tertium
777 1504 946 1541 obiectus
965 1505 1063 1541 hosti
1091 1506 1275 1542 exercitus
1297 1505 1497 1543 Romanus

241 1575 352 1613 esset,
367 1568 481 1604 etiam
503 1568 684 1617 postridie
701 1568 784 1605 idus
804 1570 916 1606 rebus
936 1570 1069 1607 divinis
1090 1570 1325 1619 supersederi
1341 1570 1498 1615 iussum,

241 1633 341 1679 inde,
362 1640 402 1670 ut
421 1634 603 1682 postridie
625 1634 802 1672 calendas
822 1647 975 1684 quoque
996 1647 1040 1672 ac
1061 1647 1184 1673 nonas
1209 1635 1344 1672 eadem
1363 1635 1496 1686 religio

244 1706 352 1744 esset,
373 1699 551 1736 traditum
573 1706 719 1749 putant.

101 1810 172 1843 Ch,
191 1810 226 1842 2,
245 1810 260 1845 ξ
282 1816 308 1838 1.
337 1807 371 1838 T
367 1807 404 1837 lte
432 1807 596 1837 Volscians
622 1807 693 1837 and
716 1807 902 1839 Etruscam
928 1807 999 1838 take
1025 1810 1070 1848 up
1096 1818 1195 1845 arms,
1269 1810 1284 1844 ξ
1304 1816 1332 1847 3.
1356 1807 1429 1838 and
1447 1808 1499 1839 the

330 1859 449 1890 Latius
464 1858 535 1888 aml
547 1859 746 1897 lla-nicam,
760 1860 837 1899 long
848 1859 936 1899 loyal
948 1859 1049 1896 allics,
1061 1859 1208 1889 threaten
1225 1862 1255 1889 lo
1270 1859 1362 1889 rebel.
1431 1860 1446 1896 ξ
1467 1868 1496 1898 5.

333 1911 504 1947 Camillus,
528 1910 649 1940 named
674 1910 835 1948 Dictator,
860 1910 962 1941 ralscs
988 1920 1033 1940 an
1061 1920 1159 1950 army
1183 1909 1255 1940 and
1280 1909 1417 1940 subducs
1445 1910 1498 1941 the

336 1962 501 1993 l‘'0lsc1‘ans
522 1962 593 1992 ancl
612 1963 793 2003 Aequians.

212 2043 228 2073 1
299 2035 381 2073 Nec
408 2035 471 2072 diu
499 2035 599 2071 licuit
629 2035 766 2084 quietis
795 2033 953 2072 consilia
980 2033 1182 2083 erigendae
1209 2045 1255 2070 ex
1285 2039 1363 2069 tam
1393 2033 1496 2082 gravi

213 2113 334 2144 2casu
368 2102 419 2138 rei
458 2101 631 2150 publicae
670 2112 800 2137 secum
834 2099 986 2148 agitare.
1044 2098 1147 2135 Hinc
1179 2098 1322 2143 Volsci,
1351 2105 1496 2135 veteres

243 2166 380 2212 hostes,
401 2166 450 2202 ad
478 2165 801 2215 exstinguendum
830 2176 972 2202 nomen
1001 2162 1222 2201 Romanum
1251 2175 1355 2200 arma
1381 2175 1495 2212 cepe-

241 2239 324 2270 rant
337 2245 347 2280 ;
377 2231 464 2269 hinc
484 2231 654 2268 Etruriae
681 2230 896 2280 principum
921 2242 967 2267 ex
988 2229 1167 2267 omnibus
1193 2228 1344 2278 populis
1364 2228 1494 2266 coniu-
