1736 2521
377 121 460 160 214
710 116 839 157 LJVY,
863 115 1001 148 BOOK
1023 115 1103 147 νη.
1126 119 1193 162 33,
1216 118 1283 162 34.

173 230 256 260 ac.
270 232 359 260 343.
373 222 543 273 aequalis
581 222 758 268 victoria;
800 221 971 270 utrisque
1009 227 1137 257 tamen
1176 232 1298 258 novus
1335 219 1456 258 hostis
1494 232 1628 259 curam

341 288 550 329 7addebat.
608 287 745 335 Pugna
783 286 926 323 indicio
965 285 1046 331 fuit,
1085 297 1183 335 quos
1221 287 1407 335 gesserint
1449 287 1627 334 anim0s;

373 366 540 403 namque
562 354 612 390 ita
633 352 897 397 conflixerunt,
918 358 958 388 ut
977 351 1211 400 aliquamdiu
1231 351 1270 388 in
1291 359 1464 389 neutram
1480 359 1628 401 partem

339 424 357 455 8
372 419 596 457 inclinarent
617 419 730 455 acies.
780 416 886 454 Tum
910 416 1046 454 consul
1067 415 1359 465 trepidationem
1384 417 1627 454 iniiciendam

371 483 675 536 ratus„quando
706 482 740 519 vi
771 482 859 532 pelli
889 493 970 519 non
1000 488 1187 531 poterant,
1222 482 1415 531 equitibus
1448 482 1627 520 immissis

338 536 522 590 aturbar'e‘
562 549 684 598 prima
727 548 837 596 signa
874 547 1042 585 hostium
1080 554 1251 584 conatur.
1310 546 1420 593 Quos
1456 547 1521 584 ubi
1559 559 1626 585 ne-

371 615 578 664 quicquam
608 613 884 650 tumultuantes
914 612 954 649 in
982 612 1105 661 spatio
1135 613 1277 661 exiguo
1303 613 1451 650 volvere
1483 619 1627 650 turmas

370 681 461 717 vidit
490 692 562 717 nec
587 691 701 729 posse
733 678 877 728 aperire
904 678 943 714 in
967 677 1097 715 hostes
1116 678 1228 724 viam,
1251 685 1420 716 revectus
1445 677 1494 715 ad
1520 685 1626 715 ante-

370 746 554 795 signanos
574 745 780 793 legionum,
803 755 924 792 quum
952 743 1167 781 desiluisset
1187 756 1235 780 ex
1255 755 1371 794 equo,
1393 747 1402 763 ‘
1417 732 1625 796 Nost-gurg?

316 821 356 851 10
370 811 504 860 inquit,
545 803 738 866 ‘peditum
776 809 881 861 illudz
914 808 1301 863 militgskestwopus.
1377 809 1490 858 Agite
1521 808 1625 855 dum,

369 883 410 913 ut
441 888 502 913 me
531 875 706 920 fidentis,
738 886 969 924 quacunque
1001 874 1193 912 incessero
1226 876 1264 912 in
1296 875 1417 912 aciem
1446 874 1625 920 hostium,

367 941 467 979 ferro
491 941 590 978 viam
611 940 827 985 facientem,
849 940 900 977 sic
929 952 1000 989 pro
1030 952 1070 977 se
1100 940 1263 990 quisque
1292 940 1428 978 obvios
1448 940 1625 986 sternite3

345 1007 432 1049 ,illa
463 1007 605 1051 omnia,
641 1018 718 1055 qua
755 1017 858 1042 nunc
895 1012 1043 1042 erectae
1080 1006 1225 1042 micant
1262 1005 1404 1050 hastae,
1436 1005 1626 1054 patefacta

315 1082 354 1113 11
369 1079 492 1122 strage
512 1080 617 1110 vasta
637 1071 820 1109 cernetis.'
878 1071 989 1108 Haec
1016 1071 1116 1109 dicta
1144 1071 1309 1117 dederat,
1331 1083 1450 1121 quum
1479 1071 1626 1120 equites

368 1138 537 1176 consulis
584 1138 689 1174 iussu
731 1137 947 1174 discurrunt
986 1137 1025 1173 in
1069 1149 1214 1174 cornua
1252 1137 1545 1186 legionibusque
1586 1136 1626 1173 in

368 1203 536 1240 mediam
574 1203 695 1240 aciem
730 1203 902 1252 aperiunt
932 1202 1043 1239 viam.
1104 1201 1252 1240 Primus
1285 1202 1460 1239 omniurn
1491 1200 1626 1239 consul

369 1267 510 1305 invadit
540 1267 692 1305 hostem
721 1274 768 1314 et,
799 1280 887 1305 cum
922 1279 1001 1317 quo
1034 1267 1128 1305 sorte
1163 1267 1321 1305 contulit
1352 1267 1527 1316 gradum,
1556 1267 1624 1305 ob-

316 1343 356 1374 12
370 1342 531 1372 truncat.
589 1334 677 1371 Hoc
700 1334 916 1383 spectaculo
937 1334 1087 1371 accensi
1112 1333 1247 1371 dextra
1273 1333 1456 1383 laevaque
1477 1339 1564 1370 ante
1585 1345 1624 1370 se

369 1400 530 1450 quisque
562 1399 857 1437 memorandum
885 1399 1075 1448 proelium
1103 1400 1200 1445 ciet3
1231 1406 1331 1436 stant
1360 1399 1492 1436 obnixi
1516 1397 1625 1436 Sam-

368 1466 475 1511 nites,
504 1477 727 1515 quanquam
757 1465 864 1514 plura
893 1465 1083 1514 accipiunt
1113 1477 1231 1514 quarn
1259 1464 1426 1502 inferunt
1454 1464 1622 1502 vulnera.

316 1532 354 1563 13
368 1530 616 1579 Aliquamdiu
637 1530 714 1566 iam
742 1536 957 1579 pugnatum
978 1536 1056 1566 erat
1071 1542 1081 1576 ;
1111 1537 1219 1567 atrox
1239 1529 1376 1567 caedes
1396 1530 1495 1568 circa
1515 1529 1626 1578 signa

370 1595 609 1640 Samnitium,
644 1594 735 1644 fuga
766 1596 815 1632 ab
849 1594 1049 1644 nullaQffl
1081 1602 1187 1644 parte
1225 1602 1328 1642 erat;
1364 1595 1463 1633 adeo
1501 1601 1625 1632 morte

316 1669 355 1700 14
369 1661 451 1699 sola
481 1661 579 1698 vinci
612 1660 891 1698 destinaverant
924 1661 1072 1698 animis.
1131 1661 1266 1711 Itaque
1306 1661 1475 1699 Romani
1505 1673 1625 1711 quum

368 1733 405 1763 et
421 1725 536 1763 fluere
556 1727 632 1763 iam
653 1726 873 1763 lassitudine
889 1726 984 1763 vires
1005 1726 1187 1763 sentirent
1206 1734 1242 1764 et
1255 1727 1327 1763 diei
1342 1726 1446 1764 haud
1461 1726 1625 1763 multum

317 1800 356 1832 15
370 1803 576 1840 superesse,
598 1791 749 1829 accensi
775 1791 831 1828 ira
851 1791 1043 1829 concitant
1074 1804 1113 1829 se
1141 1792 1180 1828 in
1204 1791 1366 1829 hostem.
1424 1791 1530 1828 Tum
1549 1791 1624 1841 pri-

368 1868 477 1893 mum
496 1855 622 1894 referri
643 1856 780 1906 pedem
800 1863 914 1906 atque
934 1856 1106 1894 inclinari
1123 1869 1202 1894 rem
1223 1857 1260 1893 in
1281 1856 1411 1906 sugam
1428 1857 1600 1906 apparuit
1612 1868 1622 1902 3

369 1929 451 1959 tum
478 1923 574 1971 capi,
601 1922 723 1959 occidi
749 1921 912 1968 Samnis,
940 1934 1011 1960 nec
1041 1921 1309 1972 superfuissent
1337 1922 1456 1968 multi,
1477 1922 1516 1958 ni
1544 1933 1624 1959 nox

318 1995 358 2025 16
369 1988 566 2025 victoriam
586 1988 709 2037 magis
736 2000 855 2037 quam
883 1987 1071 2036 proelium
1099 1987 1318 2024 diremisset.
1375 1986 1425 2024 Et
1455 1986 1624 2024 Romani

369 2053 594 2099 fatebantur,
625 2066 823 2102 nunquam
851 2065 939 2090 cum
972 2053 1221 2102 pertinaciore
1252 2052 1359 2090 hoste
1390 2051 1624 2097 conflictum,

371 2126 406 2155 et
441 2118 642 2164 Samnites,
675 2131 797 2168 quum
828 2125 1082 2168 quaereretur,
1123 2129 1314 2167 quaenam
1351 2117 1474 2166 prima
1507 2129 1623 2155 causa

320 2191 450 2227 17tam
488 2184 698 2222 obstinatos
737 2184 917 2221 movisset
955 2184 994 2220 in
1031 2183 1174 2232 sugam,
1212 2182 1344 2220 oculos
1375 2183 1445 2220 sibi
1478 2181 1623 2220 Roma-

370 2261 507 2287 norum
534 2249 665 2287 ardere
685 2250 786 2287 visos
809 2249 973 2296 aiebant,
999 2260 1236 2298 vesanosque
1256 2247 1380 2285 vultus
1405 2254 1441 2286 et
1461 2246 1624 2285 furentia
