1637 2554
448 137 676 170 MANLIUS
702 137 769 170 IN
789 137 978 171 PRISON.
1261 140 1340 182 129

85 244 208 294 magis
236 244 394 293 insignis
423 243 600 281 sordibus
628 250 664 281 et
694 243 790 280 sacie
822 254 976 280 reorum
1006 242 1116 279 turba
1142 241 1340 279 Manliana
1353 247 1435 276 ac.
1453 248 1542 277 385.

84 316 174 355 erat,
209 317 436 359 amotusque
470 316 555 359 post
588 308 822 358 triumphum
860 308 1100 345 abdicatione
1134 308 1339 346 dictaturae

84 383 202 413 terror
222 382 258 412 et
277 375 447 424 linguam
468 381 504 412 et
525 375 675 412 animos
694 373 914 411 liberaverat
934 372 1146 411 hominum.

87 519 103 554 ξ
125 525 151 548 1.
182 517 248 548 The
267 518 377 558 pcoplc
401 528 458 549 are
486 517 681 558 reproachcd
690 517 753 558 jbr
779 518 868 549 their
889 518 1096 560 indffrcnoe
1123 522 1153 548 lo
1179 515 1269 547 their
1291 516 1340 546 de·
1355 519 1428 552 Ch,
1444 519 1498 554 17,

161 568 291 610 findcr.
363 572 378 606 ξ
396 568 427 601 6.
459 569 526 600 The
557 569 672 600 release
702 570 742 610 of
763 570 918 601 Manlius
943 570 1034 610 gives
1060 569 1146 599 them
1172 578 1193 598 a
1223 567 1338 598 lcadcr.

173 623 190 658 5
210 627 237 659 7.
268 621 333 652 The
346 621 467 652 Latius
481 620 552 651 and
564 621 764 657 Inruit-ans,
775 621 847 651 <md
858 621 910 652 llic
924 621 1070 652 colom'sls
1086 620 1127 661 qs
1137 619 1260 651 Circeii
1273 618 1345 649 and

179 671 318 702 Velitrae
333 672 460 713 askfhr
475 672 749 713 tlzcz'rprisoncrs,
768 673 824 703 hut
839 683 896 704 arc
911 672 1029 703 dcnicd
1041 672 1112 702 and
1124 669 1319 702 threatened.

139 761 405 799 Audiebantur
452 762 578 810 itaque
625 761 823 811 propalam
870 774 983 799 voces
1029 760 1340 810 exprobrantium
1356 772 1372 800 1

83 827 324 872 multitudini,
346 827 452 876 quod
481 826 697 865 defensores
729 840 818 865 suos
847 840 997 877 semper
1026 827 1065 863 in
1094 825 1340 876 praecipitem

83 893 211 931 locum
254 892 382 930 favore
415 892 533 938 tollat,
565 893 703 930 deinde
743 893 781 929 in
815 894 899 942 ipso
934 892 1152 930 discrimine
1185 889 1341 941 periculi

85 959 282 997 destituat:
315 958 368 996 sic
391 957 453 1007 Sp.
476 957 651 995 Cassium
673 959 711 994 in
739 970 852 1007 agros
876 958 1027 1007 plebem
1052 964 1265 1001 vocantem,
1286 955 1339 993 sic
1354 964 1373 994 2

84 1024 149 1074 Sp.
171 1023 355 1061 Maelium
376 1024 424 1060 ab
453 1035 518 1061 ore
545 1024 683 1061 civium
704 1023 846 1060 samem
874 1024 951 1061 suis
978 1023 1160 1072 impensis
1184 1021 1339 1071 propul-

83 1096 234 1129 santem
260 1101 488 1139 oppressos;
525 1090 578 1126 sic
606 1089 660 1126 M.
683 1089 881 1135 Manlium,
903 1101 1067 1126 mersam
1097 1094 1135 1125 et
1163 1088 1340 1125 obrutam

83 1156 214 1193 fenore
234 1163 381 1205 partem
397 1156 557 1193 civitatis
577 1156 615 1192 in
630 1156 843 1192 libertatern
860 1167 904 1192 ac
926 1155 1050 1192 lucem
1065 1153 1338 1197 extrahentem,

83 1221 276 1271 proditum
302 1222 475 1259 inimicis.
534 1221 715 1270 Saginare
742 1221 894 1271 plebem
917 1216 1155 1272 [populares]
1175 1230 1278 1264 suos,
1298 1224 1340 1254 ut
1354 1227 1372 1256 3

83 1287 310 1337 iugulentur.
367 1285 522 1324 Hocine
557 1286 779 1335 patiendum
809 1285 933 1331 fuisse,
955 1286 985 1323 si
1019 1285 1068 1322 ad
1096 1293 1232 1321 nutum
1261 1283 1340 1321 dic—

83 1352 213 1390 tatoris
234 1364 314 1390 non
334 1352 572 1401 responderit
592 1352 645 1388 vir
672 1351 909 1389 consularis?
965 1350 1183 1399 Fingerent‚
1204 1349 1341 1386 menti-

83 1425 166 1455 tum
186 1425 285 1462 ante,
299 1424 412 1467 atque
432 1417 519 1455 ideo
540 1430 619 1455 non
640 1417 828 1462 habuisse,
844 1415 950 1464 quod
970 1423 1051 1453 turn
1067 1414 1336 1464 responderet;

84 1483 146 1521 cui
166 1495 276 1521 servo
299 1495 471 1532 unquam
497 1484 686 1521 mendacii
713 1495 881 1532 poenam
901 1481 1026 1519 vincla
1047 1481 1189 1518 fuisse?
1247 1478 1340 1517 Non
1354 1492 1372 1522 4

85 1549 324 1586 obversatam
343 1561 426 1587 esse
445 1549 670 1586 memoriam
686 1549 810 1586 noctis
831 1549 937 1592 illius,
951 1559 1050 1596 quae
1065 1559 1188 1596 paene
1208 1545 1341 1582 ultima

85 1621 200 1664 atque
228 1622 383 1652 aeterna
407 1615 556 1652 nomini
582 1614 764 1652 Romano
794 1614 929 1651 suerit?
968 1625 1048 1649 non
1077 1611 1247 1660 speciem
1273 1622 1342 1659 ag-

84 1679 198 1716 minis
230 1679 429 1717 Gallorum
461 1692 528 1729 per
561 1673 769 1728 Tarpeiam
802 1691 936 1728 rupem
971 1676 1215 1715 scandentis?
1260 1687 1342 1713 non

83 1744 202 1793 ipsius
231 1744 286 1782 Μ.
308 1744 455 1791 Manlii,
477 1744 628 1794 qualem
657 1757 747 1782 eum
775 1751 977 1788 armatum,
1004 1743 1164 1792 plenum
1192 1740 1342 1779 sudoris

85 1822 129 1847 ac
150 1810 358 1859 sanguinis,
379 1810 468 1863 ipso
482 1822 605 1865 paene
626 1810 716 1847 Iove
738 1816 869 1859 erepto
890 1822 938 1846 ex
958 1808 1126 1845 hostiurn
1152 1807 1342 1852 manibus,

85 1874 293 1912 vidissent?
351 1865 555 1912 Seffbffisne
582 1875 689 1912 farris
716 1875 877 1924 gratiam
907 1873 1087 1912 servatori
1113 1872 1259 1922 patriae
1284 1884 1374 1916 re-5

86 1939 227 1977 latam?
251 1946 288 1977 et
307 1952 423 1989 quem
441 1953 561 1989 prope
582 1940 795 1985 caelestem,
813 1939 1047 1989 cognomine
1067 1947 1167 1976 certe
1188 1937 1344 1987 Capito-

87 2003 164 2042 lino
189 2004 271 2042 low·
296 2017 427 2054 parem
455 2004 620 2051 fecerint,
643 2017 732 2042 eum
757 2005 836 2054 pati
861 2005 1031 2042 vinctum
1057 2004 1097 2041 in
1123 2015 1286 2048 carcere,
1305 2003 1346 2040 in

87 2070 254 2107 tenebris
298 2070 506 2108 obnoxiam
550 2070 736 2108 carnificis
779 2070 932 2107 arbitrio
972 2070 1111 2107 ducere
1148 2069 1345 2106 animam?

88 2134 201 2172 Adeo
229 2134 268 2171 in
301 2147 381 2173 uno
410 2136 590 2174 omnibus
621 2136 711 2173 satis
744 2135 872 2173 auxilii
900 2134 1026 2181 fuisse,
1052 2135 1199 2172 nullam
1231 2146 1346 2184 opem

88 2199 128 2237 in
147 2206 226 2236 tarn
251 2200 377 2237 multis
402 2201 467 2237 uni
493 2201 603 2238 esse?
659 2201 744 2238 Iam
771 2213 819 2238 ne
846 2208 960 2239 nocte
987 2201 1145 2251 quidem
1168 2201 1280 2238 turba
1298 2212 1345 2238 ex
1360 2205 1378 2235 6

89 2276 136 2301 eo
162 2264 251 2303 loco
277 2264 522 2312 dilabebatur,
542 2266 844 2319 refracturosque
871 2278 1066 2305 carcerem
1090 2267 1346 2312 minabantur,

720 2350 735 2378 1
