1637 2554
349 134 450 166 THE
485 135 719 167 TRIUMPH
743 136 807 168 OF
834 136 1017 169 CAMJLL
1024 138 1089 171 css.
1287 132 1340 185 65

87 247 234 290 partem
262 251 382 290 quum
411 240 551 278 diceret
573 240 768 287 Camillus,
798 243 998 291 pontifices
1026 243 1252 281 solvendum
1281 258 1339 283 re·
1354 259 1438 289 3.(3.
1456 260 1546 289 396.

87 305 229 354 ligione
266 305 450 355 populum
496 314 706 351 censerent,
746 307 849 344 haud
886 307 994 346 facile
1041 309 1205 346 inibatur
1242 312 1338 349 ratio
1352 317 1370 347 9

87 371 242 408 iubendi
265 370 401 408 referre
425 371 605 420 praedam
636 372 831 421 populum,
851 380 892 410 ut
911 385 958 410 ex
980 385 1025 410 ea
1045 386 1131 423 pars
1152 374 1280 412 debita
1299 377 1339 413 in

87 447 238 473 sacrum
259 444 525 473 secerneretur.
574 435 754 474 Tandem
775 449 833 482 eo,
855 437 959 487 quod
980 438 1216 476 lenissimum
1236 441 1338 478 vide·
1352 446 1391 475 10

87 500 209 546 batur,
247 500 449 538 decursum
492 508 559 546 est,
597 509 650 547 ut,
689 502 752 550 qui
792 514 831 539 se
872 502 1108 552 domumque
1155 504 1338 554 religione

86 565 282 602 exsolvere
303 565 422 611 vellet,
452 578 573 615 quum
602 567 752 603 sibimet
781 566 861 615 ipse
889 568 1071 616 praedam
1101 569 1338 608 aestimasset

87 641 206 676 suam,
229 630 400 668 decimae
430 631 594 680 pretium
614 632 730 680 partis
751 631 788 668 in
809 631 1005 680 publicum
1033 633 1203 681 deferret,
1225 642 1266 672 ut
1289 648 1336 673 ex
1352 643 1390 673 11

86 707 134 733 eo
155 695 301 733 donum
321 708 490 742 aureum,
513 697 674 745 dignum
695 697 944 746 amplitudine
965 699 1096 748 templi
1116 711 1160 737 ac
1180 701 1338 738 numine

87 760 159 807 dei,
181 773 228 798 ex
259 761 442 810 dignitate
472 762 603 811 populi
635 762 804 800 Romani
834 763 950 801 fieret.
1006 763 1064 801 Ea
1085 777 1240 814 quoque
1260 764 1338 803 col·
1354 767 1391 797 12

86 823 176 860 latio
195 823 315 873 plebis
335 824 485 862 animos
506 836 528 860 a
549 824 713 863 Camillo
735 826 919 862 alienavit.
974 826 1078 863 Inter
1098 827 1192 864 haec
1211 827 1340 876 pacifi-

86 896 214 926 catum
243 888 357 937 legati
387 901 410 925 a
430 889 581 927 Volscis
610 898 646 927 et
673 891 819 940 Aequis
840 899 1035 937 venerunt,
1065 891 1341 941 impetrataque

88 965 176 1002 pax,
197 954 320 1003 magis
339 962 380 991 ut
401 954 500 992 fessa
519 963 598 992 tam
620 955 767 994 diutino
793 955 896 994 bello
925 956 1182 1005 acquiesceret
1201 958 1342 1002 civitas,

87 1031 205 1069 quam
225 1019 331 1069 quod
351 1020 456 1069 digni
477 1029 660 1070 peterent.

89 1125 105 1162 ξ
128 1133 156 1156 1.
186 1125 316 1166 Capena
338 1126 366 1157 z's
387 1126 524 1157 reduced
540 1131 571 1157 to
592 1137 648 1157 sue
661 1126 724 1167 fhr
737 1130 853 1167 peace:
887 1126 944 1157 but
968 1137 1041 1158 war
1061 1127 1194 1168 against
1212 1127 1345 1158 Falerii
1355 1125 1427 1160 Ch.
1444 1125 1510 1159 24.

173 1175 350 1206 continues.
422 1179 437 1213 ξ
455 1187 483 1214 4.
511 1176 705 1206 Dissension
729 1176 766 1205 in
790 1176 889 1206 Rome
911 1176 939 1206 is
959 1176 1090 1217 quie-ted
1106 1176 1145 1216 by
1163 1176 1305 1217 sending
1322 1186 1344 1207 a

174 1224 283 1264 colony
294 1229 324 1255 to
337 1224 389 1255 the
406 1225 554 1255 lblscian
567 1225 657 1261 land,
706 1227 721 1262 §
742 1232 770 1263 5.
794 1224 851 1254 but
865 1235 885 1254 a
894 1225 1051 1265 proposal
1062 1225 1161 1266 qftlze
1183 1225 1345 1256 Tn'buncs

174 1273 215 1314 qs
223 1273 275 1304 the
283 1274 374 1314 plebs
388 1278 418 1304 lo
435 1274 573 1314 migrate
588 1278 619 1304 to
643 1273 716 1304 Veii
731 1274 846 1304 excites
856 1279 951 1314 great
966 1274 1154 1314 opposz'tz'on.

141 1345 248 1383 Veiis
276 1347 406 1396 captis,
437 1358 503 1384 sex
532 1347 706 1383 tribunos
734 1346 897 1382 militum
931 1346 1121 1383 consulari
1154 1350 1370 1395 potestatel

87 1411 293 1462 insequens
331 1425 454 1450 annus
493 1412 636 1457 habuit,
666 1411 762 1449 duos
791 1411 832 1448 P.
861 1411 1071 1457 Cornelios,
1102 1411 1267 1449 Cossum
1304 1420 1341 1450 et
1354 1421 1544 1450 13.c.395.

89 1477 320 1527 Scipionem,
352 1477 408 1515 M.
431 1478 626 1515 Valerium
662 1477 879 1513 Maximum
914 1477 1062 1522 iterum,
1096 1477 1146 1514 K.
1177 1476 1341 1515 Fabium

86 1543 321 1580 Ambustum
350 1543 512 1589 tertium,
540 1542 583 1580 L.
604 1542 763 1579 Furium
790 1541 1046 1579 Medullinum
1077 1542 1262 1591 quintum,
1290 1541 1340 1588 Q.

89 1608 286 1646 Servilium
306 1609 468 1646 tertium.
527 1607 726 1646 Corneliis·
741 1607 931 1645 Faliscum
952 1607 1106 1652 bellum,
1119 1607 1276 1645 Valerio
1295 1619 1339 1645 ac
1352 1612 1371 1642 2

89 1673 245 1712 Servilio
272 1673 450 1724 Capenas
485 1681 585 1711 sorte
610 1674 744 1710 evenit.
800 1673 864 1709 Ab
892 1673 936 1709 iis
964 1685 1044 1709 non
1071 1673 1184 1710 urbes
1212 1673 1246 1709 vi
1276 1679 1342 1709 aut

87 1741 266 1790 operibus
298 1747 475 1785 tentatae,
509 1739 576 1777 sed
607 1751 699 1788 ager
731 1746 787 1776 est
821 1738 1074 1787 depopulatus
1102 1737 1341 1787 praedaeque

86 1817 213 1843 rerum
233 1805 441 1854 agrestium
461 1812 588 1848 actae;
618 1804 723 1840 nulla
744 1804 832 1841 felix
853 1804 978 1848 arbor,
998 1803 1092 1840 nihil
1120 1802 1340 1852 frugiferum

87 1871 127 1908 in
147 1883 240 1920 agro
259 1871 442 1908 relictum.
484 1870 542 1907 Ea
559 1870 685 1907 clades
702 1869 939 1919 Capenatem
959 1868 1146 1918 populum
1168 1867 1317 1915 subegit
1329 1879 1339 1913 ;
1353 1875 1372 1905 3

87 1949 163 1986 pax
183 1937 401 1985 petentibus
421 1935 508 1973 data
522 1949 532 1982 3
563 1936 602 1973 in
618 1935 773 1973 Faliscis
792 1935 934 1972 bellum
954 1935 1130 1972 restabat.
1188 1932 1370 1971 Romae4

87 2002 239 2039 interim
266 2001 465 2050 multiplex
487 2001 622 2039 seditio
643 2008 732 2045 erat,
755 2001 862 2038 cuius
880 1999 1080 2037 leniendae
1101 2010 1215 2036 causa
1235 1997 1339 2035 colo-

88 2067 192 2104 niam
222 2067 263 2103 in
295 2066 471 2111 Volscos,
510 2079 588 2115 quo
626 2067 697 2103 tria
735 2065 852 2102 millia
890 2065 1029 2102 civium
1070 2064 1340 2102 Romanorum

89 2132 351 2177 scriberentur,
381 2131 643 2168 deducendam
671 2137 907 2176 censuerant,
936 2130 1195 2179 triumvirique
1224 2127 1274 2165 ad
1301 2126 1340 2163 id

89 2197 203 2236 creati
234 2203 343 2234 terna
375 2196 506 2245 iugera
540 2204 577 2233 et
609 2204 810 2246 septunces
842 2197 978 2233 viritim
1009 2196 1222 2233 diviserant.
1280 2191 1371 2233 Ea5
1436 2188 1461 2221 ἦ

90 2262 240 2312 largitio
268 2261 395 2312 sperni
418 2270 564 2312 coepta,
585 2262 674 2312 quia
698 2262 778 2311 spei
806 2262 962 2299 maioris
990 2260 1217 2298 avertendae
1241 2259 1341 2297 sola-

705 2333 730 2358 E
