1637 2554
478 146 707 178 CAPTL'RE
740 147 804 178 OF
834 147 950 180 VEH.
1284 143 1327 180 61

79 258 192 303 atque
221 252 423 290 exinanitis
450 252 591 290 tributo
620 259 675 290 tot
703 265 893 290 annorum
928 253 1104 297 succurri,
1133 260 1169 291 et
1199 256 1335 291 sentire
1351 258 1433 285 EC·
1452 259 1539 286 396-

79 318 243 366 praedae
269 317 432 354 fructum
462 329 508 354 ex
535 330 582 355 eo
610 317 722 362 bello,
744 318 783 354 in
808 330 885 367 quo
911 330 1030 367 prope
1054 320 1335 356 consenuerint.

80 383 232 420 Gratius
270 383 308 420 id
344 383 422 420 sore
457 382 679 431 laetiusque,
710 383 815 432 quod
849 384 1008 432 quisque
1040 395 1108 420 sua.
1139 396 1257 420 manu
1291 397 1336 421 ex

78 448 186 485 hoste
207 456 361 498 captum
383 448 540 485 domum
563 449 754 490 rettulerit,
774 461 891 497 quam
913 449 942 485 si
969 449 1164 498 multiplex
1186 449 1336 486 alterius

79 515 233 552 arbitrio
263 515 431 564 accipiat.
488 514 620 563 Ipsum
654 515 877 552 dictatorem
910 515 1041 564 fugere
1074 516 1252 553 invidiam
1286 528 1364 552 exn

79 592 125 617 eo
141 581 376 629 criminaque
391 592 399 626 ;
427 592 475 617 eo
495 580 690 629 delegasse
707 580 754 617 ad
771 588 966 626 senatum;
993 588 1165 618 senatum
1182 594 1335 630 quoque

79 645 216 683 debere
237 646 413 683 reiectam
434 658 514 683 rem
535 646 583 682 ad
604 658 642 683 se
663 646 879 695 permittere
900 646 1000 695 plebi
1021 659 1065 684 ae
1085 647 1162 696 pati
1183 647 1334 691 habere,

79 711 184 760 quod
203 711 339 760 cuique
363 711 437 748 sors
458 711 543 748 belli
564 711 719 749 dederit.
778 711 888 748 Haec
908 712 1022 749 tutior
1042 712 1121 749 visa
1148 712 1389 749 sententiam

78 783 144 820 est,
179 788 278 824 quae
310 776 534 825 popularem
573 783 746 813 senatum
787 776 936 813 faceret.
993 775 1172 814 Edictum
1210 777 1335 827 itaque

79 848 145 886 est,
167 841 215 879 ad
244 842 425 890 praedam
447 840 661 885 Veientem,
691 842 827 891 quibus
857 842 1055 888 videretur,
1076 842 1114 879 in
1144 849 1265 880 castra
1291 843 1339 879 ad

79 907 303 945 dictatorem
323 907 662 956 proficiscerentur.

81 1009 96 1044 5
119 1016 144 1038 1.
177 1007 241 1038 lec
256 1006 400 1044 (ι’ίῑίαίρν,
416 1006 504 1047 aster
518 1016 538 1036 a
548 1010 674 1046 prayer
689 1010 719 1036 lo
736 1007 851 1047 Apollo
867 1007 939 1037 and
950 1008 1092 1050 tosmzo,
1109 1009 1271 1048 szcoepre'scs
1286 1008 1338 1038 llic
1352 1009 1422 1043 Ch,
1442 1010 1500 1042 21,

165 1059 230 1098 city
243 1068 253 1089 .·
277 1059 383 1088 which
402 1059 430 1088 is
446 1057 541 1088 lalccn
559 1058 640 1088 wille
660 1058 753 1087 wudz
775 1059 946 1097 slazqglzfcr
958 1059 1030 1089 aml
1041 1060 1195 1099 flander,
1214 1059 1302 1099 aster
1318 1071 1336 1089 α

166 1112 247 1149 sii-gc
262 1111 361 1151 (gftcn
372 1120 480 1149 ,ιίἀνῷ
530 1112 545 1147 ξ
569 1119 615 1148 14.
647 1109 811 1140 Camillus
821 1114 925 1150 sva-(lys
940 1110 993 1140 the
1003 1110 1082 1150 gods
1093 1115 1123 1141 to
1141 1111 1208 1141 look
1223 1111 1339 1150 kindly

165 1173 205 1193 on
223 1162 433 1203 llissbrlunc.

132 1233 276 1283 Ingens
309 1233 478 1283 prosecta
511 1233 713 1271 multitudo
747 1233 903 1283 replevit
931 1242 1064 1272 castra.
1123 1234 1227 1271 Tum
1257 1235 1333 1272 dic·
1350 1242 1365 1272 1

79 1306 178 1336 tator
205 1299 402 1349 auspicato
427 1312 612 1349 egressus,
635 1311 754 1349 quum
784 1299 973 1344 edixisset,
994 1306 1035 1337 ut
1063 1312 1169 1337 arma
1199 1300 1334 1337 milites

79 1371 267 1414 caperent,
290 1368 298 1383 ‘
313 1365 402 1402 Tuo
430 1364 565 1403 ductu’
586 1365 707 1414 inquit
730 1364 906 1413 ‘Pythice
926 1365 1077 1414 Apollo,
1099 1372 1240 1415 tuoque
1264 1378 1332 1402 nu-
1347 1371 1366 1399 2

78 1432 181 1468 mine
207 1431 405 1468 instinctus
429 1443 549 1480 pergo
579 1430 627 1468 ad
656 1430 857 1468 delendam
885 1432 1020 1467 urbem
1042 1431 1170 1476 Veios,
1191 1432 1334 1481 tibique

78 1497 166 1533 hinc
187 1496 374 1533 decimam
394 1503 541 1546 partem
564 1496 727 1546 praedae
748 1508 877 1534 voveo.
937 1496 995 1534 Te
1015 1496 1138 1542 simul,
1157 1496 1257 1534 Iuno
1278 1509 1334 1533 re·
1347 1507 1366 1536 3

78 1561 178 1611 gina,
194 1573 292 1610 quae
312 1574 413 1598 nunc
428 1561 548 1599 Veios
567 1562 671 1606 colis,
692 1574 837 1611 precor,
859 1568 900 1598 ut
918 1574 990 1599 nos
1009 1562 1169 1599 victores
1189 1562 1227 1598 in
1247 1574 1336 1599 nos-

80 1633 174 1663 tram
194 1633 376 1676 tuamque
397 1640 489 1665 mox
509 1627 674 1664 futuram
695 1628 831 1664 urbem
852 1639 1021 1676 sequare,
1036 1627 1099 1664 ubi
1121 1634 1155 1664 te
1177 1627 1338 1676 dignum

78 1691 327 1741 amplitudine
348 1699 412 1730 tua
431 1693 618 1742 templum
638 1692 820 1741 accipiat.'
879 1692 988 1729 Haec
1004 1699 1190 1741 precatus,
1207 1705 1336 1742 super-
1350 1697 1369 1727 4

78 1764 165 1794 ante
186 1757 439 1802 multitudine,
461 1759 510 1795 ab
531 1758 710 1795 omnibus
738 1757 831 1794 locis
855 1758 989 1794 urbem
1011 1758 1238 1806 aggreditur,
1259 1770 1337 1807 quo

77 1822 204 1860 minor
228 1823 278 1860 ab
303 1823 479 1861 cuniculo
505 1823 716 1872 ingruentis
742 1823 897 1872 periculi
924 1835 1057 1860 sensus
1082 1829 1191 1860 esset.
1248 1822 1336 1859 Vei·
1350 1828 1368 1858 5

74 1894 256 1960 gemes&
202 1888 334 1937 ignari,
356 1900 395 1926 se
416 1889 492 1925 iam
514 1901 535 1925 a
556 1889 632 1926 suis
652 1889 809 1934 vatibus,
825 1889 900 1925 iarn
921 1890 970 1926 ab
990 1888 1155 1926 externis
1175 1887 1339 1925 oraculis

76 1928 258 2002 proditos,
279 1954 356 1990 iam
384 1953 422 1990 in
451 1961 598 2003 partem
628 1954 789 2003 praedae
819 1966 909 1991 suae
938 1961 1093 1991 xocatos
1123 1953 1224 1998 deos,
1246 1952 1341 1989 alios

76 2018 172 2055 votis
191 2031 239 2055 ex
259 2020 353 2056 urbe
374 2031 441 2056 sua
462 2032 505 2056 ex
509 2026 640 2056 ocatos
660 2019 828 2056 hostium
848 2019 989 2068 templa
1009 2030 1205 2067 novasque
1231 2017 1340 2054 sedes

78 2089 259 2132 spectare,
289 2096 406 2133 seque
439 2084 615 2121 ultimum
650 2084 756 2120 illum
791 2084 893 2121 diem
927 2096 1050 2133 agere,
1080 2083 1173 2119 nihil
1211 2083 1340 2119 minus

76 2149 254 2186 timentes
287 2161 416 2197 quam,
447 2150 611 2186 subrutis
644 2149 821 2186 cuniculo
854 2149 1068 2194 moenibus,
1099 2159 1226 2184 arcem
1260 2148 1336 2184 iam
1351 2158 1369 2186 6

76 2213 233 2262 plenam
266 2213 436 2251 hostium
467 2226 561 2258 esse,
591 2214 630 2250 in
663 2225 794 2251 muros
830 2225 902 2263 pro
932 2225 972 2250 se
1007 2213 1169 2262 quisque
1203 2213 1337 2249 armati

78 2278 305 2324 discurrunt,
331 2279 524 2324 mirantes,
554 2278 737 2328 quidnam
772 2278 812 2316 id
845 2284 955 2324 esset,
985 2277 1101 2328 quod,
1130 2289 1251 2328 quum
1284 2284 1370 2317 tot7
