<?xml version="1.0" encoding="UTF-8"?>
<!DOCTYPE html PUBLIC "-//W3C//DTD XHTML 1.0 Transitional//EN"
    "http://www.w3.org/TR/xhtml1/DTD/xhtml1-transitional.dtd">
<html xmlns="http://www.w3.org/1999/xhtml" xml:lang="en" lang="en">
 <head>
  <title>
</title>
<meta http-equiv="Content-Type" content="text/html;charset=utf-8" />
  <meta name='ocr-system' content='tesseract 3.04.00' />
  <meta name='ocr-capabilities' content='ocr_page ocr_carea ocr_par ocr_line ocrx_word'/>
</head>
<body>
  <div class='ocr_page' id='page_1' title='image "./booksvvivii00livyuoft_0239.png"; bbox 0 0 1637 2554; ppageno 0'>
   <div class='ocr_carea' id='block_1_1' title="bbox 406 113 1316 155">
    <p class='ocr_par' dir='ltr' id='par_1_1' title="bbox 406 113 1316 155">
     <span class='ocr_line' id='line_1_1' title="bbox 406 113 1316 155; baseline -0.007 -8"><span class='ocrx_word' id='word_1_1' title='bbox 406 115 458 147; x_wconf 83' lang='lat' dir='ltr'>M.</span> <span class='ocrx_word' id='word_1_2' title='bbox 489 115 735 146; x_wconf 82' lang='lat' dir='ltr'><em>VALERIUS</em></span> <span class='ocrx_word' id='word_1_3' title='bbox 766 113 963 145; x_wconf 75' lang='lat' dir='ltr'>CORI&#39;US.</span> <span class='ocrx_word' id='word_1_4' title='bbox 1237 113 1316 155; x_wconf 77' lang='lat'>203</span> 
     </span>
    </p>
   </div>
   <div class='ocr_carea' id='block_1_2' title="bbox 59 217 1637 2095">
    <p class='ocr_par' dir='ltr' id='par_1_2' title="bbox 63 217 1523 332">
     <span class='ocr_line' id='line_1_2' title="bbox 63 217 1523 272; baseline -0.008 -12"><span class='ocrx_word' id='word_1_5' title='bbox 63 222 246 272; x_wconf 86' lang='lat' dir='ltr'>proelium</span> <span class='ocrx_word' id='word_1_6' title='bbox 278 222 402 266; x_wconf 87' lang='lat' dir='ltr'>iubet;</span> <span class='ocrx_word' id='word_1_7' title='bbox 433 228 704 270; x_wconf 75' lang='lat' dir='ltr'>ostentansque</span> <span class='ocrx_word' id='word_1_8' title='bbox 734 220 923 268; x_wconf 78' lang='lat' dir='ltr'><strong>insignem</strong></span> <span class='ocrx_word' id='word_1_9' title='bbox 952 217 1082 267; x_wconf 75' lang='lat' dir='ltr'>spoliis</span> <span class='ocrx_word' id='word_1_10' title='bbox 1112 217 1318 260; x_wconf 89' lang='lat' dir='ltr'>tribunum,</span> <span class='ocrx_word' id='word_1_11' title='bbox 1333 223 1415 251; x_wconf 62' lang='lat' dir='ltr'>nc.</span> <span class='ocrx_word' id='word_1_12' title='bbox 1434 224 1523 250; x_wconf 77' lang='lat'><strong>349.</strong></span> 
     </span>
     <span class='ocr_line' id='line_1_3' title="bbox 65 281 1317 332; baseline -0.006 -8"><span class='ocrx_word' id='word_1_13' title='bbox 65 287 204 324; x_wconf 77' lang='lat' dir='ltr'>‘IIunc</span> <span class='ocrx_word' id='word_1_14' title='bbox 234 287 389 332; x_wconf 84' lang='lat' dir='ltr'>imitare,</span> <span class='ocrx_word' id='word_1_15' title='bbox 419 286 550 323; x_wconf 89' lang='lat' dir='ltr'>miles’</span> <span class='ocrx_word' id='word_1_16' title='bbox 580 287 714 329; x_wconf 82' lang='lat' dir='ltr'>aiebat,</span> <span class='ocrx_word' id='word_1_17' title='bbox 747 289 804 322; x_wconf 87' lang='lat' dir='ltr'>‘et</span> <span class='ocrx_word' id='word_1_18' title='bbox 834 285 936 321; x_wconf 86' lang='lat' dir='ltr'>circa</span> <span class='ocrx_word' id='word_1_19' title='bbox 965 284 1151 321; x_wconf 88' lang='lat' dir='ltr'>iacentem</span> <span class='ocrx_word' id='word_1_20' title='bbox 1181 281 1317 318; x_wconf 85' lang='lat' dir='ltr'>ducem</span> 
     </span>
    </p>

    <p class='ocr_par' dir='ltr' id='par_1_3' title="bbox 62 347 1350 401">
     <span class='ocr_line' id='line_1_4' title="bbox 62 347 1350 401; baseline -0.002 -14"><span class='ocrx_word' id='word_1_21' title='bbox 62 359 185 388; x_wconf 80' lang='lat' dir='ltr'>sterne</span> <span class='ocrx_word' id='word_1_22' title='bbox 224 351 423 388; x_wconf 79' lang='lat' dir='ltr'>Gallorum</span> <span class='ocrx_word' id='word_1_23' title='bbox 462 349 650 388; x_wconf 78' lang='lat' dir='ltr'>catervas.&#39;</span> <span class='ocrx_word' id='word_1_24' title='bbox 708 349 758 386; x_wconf 92' lang='lat' dir='ltr'>Di</span> <span class='ocrx_word' id='word_1_25' title='bbox 797 350 1049 397; x_wconf 78' lang='lat' dir='ltr'>hominesque</span> <span class='ocrx_word' id='word_1_26' title='bbox 1087 347 1137 384; x_wconf 92' lang='lat' dir='ltr'>illi</span> <span class='ocrx_word' id='word_1_27' title='bbox 1179 347 1350 401; x_wconf 46' lang='grc' dir='ltr'>ψεῖ-τεεί</span> 
     </span>
    </p>

    <p class='ocr_par' dir='ltr' id='par_1_4' title="bbox 62 411 1318 464">
     <span class='ocr_line' id='line_1_5' title="bbox 62 411 1318 464; baseline -0.003 -12"><span class='ocrx_word' id='word_1_28' title='bbox 62 427 224 464; x_wconf 79' lang='lat' dir='ltr'>pugnae,</span> <span class='ocrx_word' id='word_1_29' title='bbox 245 415 580 464; x_wconf 79' lang='lat' dir='ltr'>depugnatumque</span> <span class='ocrx_word' id='word_1_30' title='bbox 600 415 900 464; x_wconf 81' lang='lat' dir='ltr'>haudquaquam</span> <span class='ocrx_word' id='word_1_31' title='bbox 916 413 1120 451; x_wconf 79' lang='lat' dir='ltr'>certamine</span> <span class='ocrx_word' id='word_1_32' title='bbox 1135 411 1318 460; x_wconf 89' lang='lat' dir='ltr'>ambiguo</span> 
     </span>
    </p>

    <p class='ocr_par' dir='ltr' id='par_1_5' title="bbox 62 477 1318 526">
     <span class='ocr_line' id='line_1_6' title="bbox 62 477 1318 526; baseline -0.002 -10"><span class='ocrx_word' id='word_1_33' title='bbox 62 491 148 516; x_wconf 91' lang='lat' dir='ltr'>cum</span> <span class='ocrx_word' id='word_1_34' title='bbox 171 479 289 517; x_wconf 87' lang='lat' dir='ltr'>Gallis</span> <span class='ocrx_word' id='word_1_35' title='bbox 309 487 387 525; x_wconf 79' lang='lat' dir='ltr'>est3</span> <span class='ocrx_word' id='word_1_36' title='bbox 417 480 513 516; x_wconf 87' lang='lat' dir='ltr'>adeo</span> <span class='ocrx_word' id='word_1_37' title='bbox 535 480 699 517; x_wconf 87' lang='lat' dir='ltr'>duorum</span> <span class='ocrx_word' id='word_1_38' title='bbox 719 480 880 516; x_wconf 87' lang='lat' dir='ltr'>militum</span> <span class='ocrx_word' id='word_1_39' title='bbox 900 485 1088 522; x_wconf 84' lang='lat' dir='ltr'>eventum,</span> <span class='ocrx_word' id='word_1_40' title='bbox 1109 477 1203 513; x_wconf 88' lang='lat' dir='ltr'>inter</span> <span class='ocrx_word' id='word_1_41' title='bbox 1223 489 1318 526; x_wconf 89' lang='lat' dir='ltr'>quos</span> 
     </span>
    </p>

    <p class='ocr_par' dir='ltr' id='par_1_6' title="bbox 62 541 1349 593">
     <span class='ocr_line' id='line_1_7' title="bbox 62 541 1349 593; baseline 0 -13"><span class='ocrx_word' id='word_1_42' title='bbox 62 552 273 593; x_wconf 83' lang='lat' dir='ltr'>pugnatum</span> <span class='ocrx_word' id='word_1_43' title='bbox 303 552 392 590; x_wconf 89' lang='lat' dir='ltr'>erat,</span> <span class='ocrx_word' id='word_1_44' title='bbox 424 553 582 593; x_wconf 90' lang='lat' dir='ltr'>utraque</span> <span class='ocrx_word' id='word_1_45' title='bbox 612 545 712 581; x_wconf 88' lang='lat' dir='ltr'>acies</span> <span class='ocrx_word' id='word_1_46' title='bbox 742 544 880 580; x_wconf 87' lang='lat' dir='ltr'>animis</span> <span class='ocrx_word' id='word_1_47' title='bbox 908 549 1158 592; x_wconf 78' lang='lat' dir='ltr'>praeceperat.</span> <span class='ocrx_word' id='word_1_48' title='bbox 1217 541 1349 580; x_wconf 73' lang='lat' dir='ltr'>Intero</span> 
     </span>
    </p>

    <p class='ocr_par' dir='ltr' id='par_1_7' title="bbox 61 607 1318 658">
     <span class='ocr_line' id='line_1_8' title="bbox 61 607 1318 658; baseline -0.002 -13"><span class='ocrx_word' id='word_1_49' title='bbox 61 610 214 658; x_wconf 84' lang='lat' dir='ltr'>primos,</span> <span class='ocrx_word' id='word_1_50' title='bbox 239 621 403 658; x_wconf 91' lang='lat' dir='ltr'>quorum</span> <span class='ocrx_word' id='word_1_51' title='bbox 423 621 632 646; x_wconf 80' lang='lat' dir='ltr'>concursus</span> <span class='ocrx_word' id='word_1_52' title='bbox 660 609 754 646; x_wconf 89' lang='lat' dir='ltr'>alios</span> <span class='ocrx_word' id='word_1_53' title='bbox 784 610 981 653; x_wconf 82' lang='lat' dir='ltr'>exciverat,</span> <span class='ocrx_word' id='word_1_54' title='bbox 1002 616 1110 645; x_wconf 81' lang='lat' dir='ltr'>atrox</span> <span class='ocrx_word' id='word_1_55' title='bbox 1131 607 1318 656; x_wconf 88' lang='lat' dir='ltr'>proelium</span> 
     </span>
    </p>

    <p class='ocr_par' dir='ltr' id='par_1_8' title="bbox 62 673 1317 723">
     <span class='ocr_line' id='line_1_9' title="bbox 62 673 1317 723; baseline -0.002 -13"><span class='ocrx_word' id='word_1_56' title='bbox 62 674 154 719; x_wconf 88' lang='lat' dir='ltr'>suit;</span> <span class='ocrx_word' id='word_1_57' title='bbox 185 675 256 711; x_wconf 88' lang='lat' dir='ltr'>alia</span> <span class='ocrx_word' id='word_1_58' title='bbox 276 674 491 719; x_wconf 87' lang='lat' dir='ltr'>multitudo,</span> <span class='ocrx_word' id='word_1_59' title='bbox 523 675 744 723; x_wconf 81' lang='lat' dir='ltr'>priusquam</span> <span class='ocrx_word' id='word_1_60' title='bbox 769 674 817 711; x_wconf 87' lang='lat' dir='ltr'>ad</span> <span class='ocrx_word' id='word_1_61' title='bbox 841 674 1059 710; x_wconf 87' lang='lat' dir='ltr'>coniectum</span> <span class='ocrx_word' id='word_1_62' title='bbox 1082 673 1144 709; x_wconf 89' lang='lat' dir='ltr'>teli</span> <span class='ocrx_word' id='word_1_63' title='bbox 1165 673 1317 717; x_wconf 84' lang='lat' dir='ltr'>veniret,</span> 
     </span>
    </p>

    <p class='ocr_par' dir='ltr' id='par_1_9' title="bbox 62 739 1319 788">
     <span class='ocr_line' id='line_1_10' title="bbox 62 739 1319 788; baseline -0.002 -12"><span class='ocrx_word' id='word_1_64' title='bbox 62 748 165 788; x_wconf 81' lang='lat' dir='ltr'>terga</span> <span class='ocrx_word' id='word_1_65' title='bbox 203 741 320 777; x_wconf 77' lang='lat' dir='ltr'>vertit.</span> <span class='ocrx_word' id='word_1_66' title='bbox 392 740 521 776; x_wconf 91' lang='lat' dir='ltr'>Primo</span> <span class='ocrx_word' id='word_1_67' title='bbox 560 752 626 788; x_wconf 91' lang='lat' dir='ltr'>per</span> <span class='ocrx_word' id='word_1_68' title='bbox 655 739 819 777; x_wconf 71' lang='lat' dir='ltr'>Volscos</span> <span class='ocrx_word' id='word_1_69' title='bbox 857 739 1136 787; x_wconf 80' lang='lat' dir='ltr'>Falernumque</span> <span class='ocrx_word' id='word_1_70' title='bbox 1185 750 1319 786; x_wconf 87' lang='lat' dir='ltr'>agrum</span> 
     </span>
    </p>

    <p class='ocr_par' dir='ltr' id='par_1_10' title="bbox 61 803 1317 853">
     <span class='ocr_line' id='line_1_11' title="bbox 61 803 1317 853; baseline 0 -13"><span class='ocrx_word' id='word_1_71' title='bbox 61 803 229 853; x_wconf 86' lang='lat' dir='ltr'>dissipati</span> <span class='ocrx_word' id='word_1_72' title='bbox 251 811 360 850; x_wconf 86' lang='lat' dir='ltr'>sunt;</span> <span class='ocrx_word' id='word_1_73' title='bbox 391 805 480 842; x_wconf 83' lang='lat' dir='ltr'>inde</span> <span class='ocrx_word' id='word_1_74' title='bbox 508 804 688 853; x_wconf 84' lang='lat' dir='ltr'>Apuliam</span> <span class='ocrx_word' id='word_1_75' title='bbox 718 817 762 841; x_wconf 88' lang='lat' dir='ltr'>ac</span> <span class='ocrx_word' id='word_1_76' title='bbox 789 817 894 841; x_wconf 85' lang='lat' dir='ltr'>mare</span> <span class='ocrx_word' id='word_1_77' title='bbox 921 816 1100 853; x_wconf 86' lang='lat' dir='ltr'>superum</span> <span class='ocrx_word' id='word_1_78' title='bbox 1120 804 1317 853; x_wconf 86' lang='lat' dir='ltr'>petierunt.</span> 
     </span>
    </p>

    <p class='ocr_par' dir='ltr' id='par_1_11' title="bbox 61 868 1371 915">
     <span class='ocr_line' id='line_1_12' title="bbox 61 868 1371 915; baseline 0 -9"><span class='ocrx_word' id='word_1_79' title='bbox 61 868 220 915; x_wconf 88' lang='lat' dir='ltr'>Consul,</span> <span class='ocrx_word' id='word_1_80' title='bbox 262 870 439 907; x_wconf 86' lang='lat' dir='ltr'>contione</span> <span class='ocrx_word' id='word_1_81' title='bbox 482 870 680 914; x_wconf 72' lang='lat' dir='ltr'>advocata,</span> <span class='ocrx_word' id='word_1_82' title='bbox 720 869 916 906; x_wconf 87' lang='lat' dir='ltr'>laudatum</span> <span class='ocrx_word' id='word_1_83' title='bbox 954 869 1146 906; x_wconf 89' lang='lat' dir='ltr'>tribunum</span> <span class='ocrx_word' id='word_1_84' title='bbox 1185 868 1316 906; x_wconf 89' lang='lat' dir='ltr'>decem</span> <span class='ocrx_word' id='word_1_85' title='bbox 1332 878 1371 907; x_wconf 88' lang='grc'>10</span> 
     </span>
    </p>

    <p class='ocr_par' dir='ltr' id='par_1_12' title="bbox 61 934 1316 984">
     <span class='ocr_line' id='line_1_13' title="bbox 61 934 1316 984; baseline -0.002 -12"><span class='ocrx_word' id='word_1_86' title='bbox 61 936 187 972; x_wconf 83' lang='lat' dir='ltr'>bubus</span> <span class='ocrx_word' id='word_1_87' title='bbox 229 947 420 984; x_wconf 83' lang='lat' dir='ltr'>aureaque</span> <span class='ocrx_word' id='word_1_88' title='bbox 460 947 604 972; x_wconf 88' lang='lat' dir='ltr'>corona</span> <span class='ocrx_word' id='word_1_89' title='bbox 638 935 780 980; x_wconf 86' lang='lat' dir='ltr'>donat;</span> <span class='ocrx_word' id='word_1_90' title='bbox 821 935 899 983; x_wconf 87' lang='lat' dir='ltr'>ipse</span> <span class='ocrx_word' id='word_1_91' title='bbox 936 934 1060 971; x_wconf 83' lang='lat' dir='ltr'>iussus</span> <span class='ocrx_word' id='word_1_92' title='bbox 1098 934 1146 970; x_wconf 91' lang='lat' dir='ltr'>ab</span> <span class='ocrx_word' id='word_1_93' title='bbox 1184 941 1316 971; x_wconf 86' lang='lat' dir='ltr'>senatu</span> 
     </span>
    </p>

    <p class='ocr_par' dir='ltr' id='par_1_13' title="bbox 61 1000 1317 1049">
     <span class='ocr_line' id='line_1_14' title="bbox 61 1000 1317 1049; baseline -0.001 -13"><span class='ocrx_word' id='word_1_94' title='bbox 61 1000 201 1038; x_wconf 89' lang='lat' dir='ltr'>bellum</span> <span class='ocrx_word' id='word_1_95' title='bbox 236 1001 468 1037; x_wconf 88' lang='lat' dir='ltr'>maritimum</span> <span class='ocrx_word' id='word_1_96' title='bbox 508 1012 648 1045; x_wconf 86' lang='lat' dir='ltr'>curare,</span> <span class='ocrx_word' id='word_1_97' title='bbox 687 1012 776 1036; x_wconf 90' lang='lat' dir='ltr'>cum</span> <span class='ocrx_word' id='word_1_98' title='bbox 814 1007 988 1049; x_wconf 89' lang='lat' dir='ltr'>praetore</span> <span class='ocrx_word' id='word_1_99' title='bbox 1026 1001 1146 1036; x_wconf 78' lang='lat' dir='ltr'>iunxit</span> <span class='ocrx_word' id='word_1_100' title='bbox 1185 1006 1317 1037; x_wconf 85' lang='lat' dir='ltr'>castra.</span> 
     </span>
    </p>

    <p class='ocr_par' dir='ltr' id='par_1_14' title="bbox 60 1065 1369 1115">
     <span class='ocr_line' id='line_1_15' title="bbox 60 1065 1369 1115; baseline -0.001 -13"><span class='ocrx_word' id='word_1_101' title='bbox 60 1065 119 1102; x_wconf 91' lang='lat' dir='ltr'>Ibi</span> <span class='ocrx_word' id='word_1_102' title='bbox 140 1066 230 1115; x_wconf 90' lang='lat' dir='ltr'>quia</span> <span class='ocrx_word' id='word_1_103' title='bbox 251 1078 309 1102; x_wconf 87' lang='lat' dir='ltr'>res</span> <span class='ocrx_word' id='word_1_104' title='bbox 330 1066 425 1102; x_wconf 86' lang='lat' dir='ltr'>trahi</span> <span class='ocrx_word' id='word_1_105' title='bbox 446 1066 606 1115; x_wconf 81' lang='lat' dir='ltr'>segnitia</span> <span class='ocrx_word' id='word_1_106' title='bbox 628 1065 864 1103; x_wconf 88' lang='lat' dir='ltr'>Graecorum</span> <span class='ocrx_word' id='word_1_107' title='bbox 891 1078 969 1102; x_wconf 92' lang='lat' dir='ltr'>non</span> <span class='ocrx_word' id='word_1_108' title='bbox 1000 1065 1315 1103; x_wconf 79' lang='lat' dir='ltr'>committentium</span> <span class='ocrx_word' id='word_1_109' title='bbox 1332 1072 1369 1101; x_wconf 89' lang='lat'>11</span> 
     </span>
    </p>

    <p class='ocr_par' dir='ltr' id='par_1_15' title="bbox 60 1131 1317 1177">
     <span class='ocr_line' id='line_1_16' title="bbox 60 1131 1317 1177; baseline -0.001 -8"><span class='ocrx_word' id='word_1_110' title='bbox 60 1144 99 1169; x_wconf 88' lang='lat' dir='ltr'>Se</span> <span class='ocrx_word' id='word_1_111' title='bbox 139 1132 177 1167; x_wconf 90' lang='lat' dir='ltr'>in</span> <span class='ocrx_word' id='word_1_112' title='bbox 220 1132 342 1168; x_wconf 83' lang='lat' dir='ltr'>aciem</span> <span class='ocrx_word' id='word_1_113' title='bbox 379 1131 614 1177; x_wconf 88' lang='lat' dir='ltr'>videbantur,</span> <span class='ocrx_word' id='word_1_114' title='bbox 654 1131 878 1169; x_wconf 89' lang='lat' dir='ltr'>dictatorem</span> <span class='ocrx_word' id='word_1_115' title='bbox 918 1132 1160 1169; x_wconf 87' lang='lat' dir='ltr'>comitiorum</span> <span class='ocrx_word' id='word_1_116' title='bbox 1203 1143 1317 1168; x_wconf 84' lang='lat' dir='ltr'>causa</span> 
     </span>
    </p>

    <p class='ocr_par' dir='ltr' id='par_1_16' title="bbox 62 1196 1371 1245">
     <span class='ocr_line' id='line_1_17' title="bbox 62 1196 1371 1245; baseline -0.002 -11"><span class='ocrx_word' id='word_1_117' title='bbox 62 1197 109 1234; x_wconf 89' lang='lat' dir='ltr'>T.</span> <span class='ocrx_word' id='word_1_118' title='bbox 131 1196 319 1233; x_wconf 87' lang='lat' dir='ltr'>Manlium</span> <span class='ocrx_word' id='word_1_119' title='bbox 341 1196 585 1245; x_wconf 83' lang='lat' dir='ltr'>Torquatum</span> <span class='ocrx_word' id='word_1_120' title='bbox 605 1210 651 1234; x_wconf 88' lang='lat' dir='ltr'>ex</span> <span class='ocrx_word' id='word_1_121' title='bbox 672 1197 892 1234; x_wconf 86' lang='lat' dir='ltr'>auctoritate</span> <span class='ocrx_word' id='word_1_122' title='bbox 912 1205 1064 1234; x_wconf 88' lang='lat' dir='ltr'>senatus</span> <span class='ocrx_word' id='word_1_123' title='bbox 1083 1197 1187 1234; x_wconf 81' lang='lat' dir='ltr'>dixit.</span> <span class='ocrx_word' id='word_1_124' title='bbox 1225 1196 1316 1234; x_wconf 88' lang='lat' dir='ltr'>Dic·</span> <span class='ocrx_word' id='word_1_125' title='bbox 1331 1202 1371 1233; x_wconf 83' lang='lat'>12</span> 
     </span>
    </p>

    <p class='ocr_par' dir='ltr' id='par_1_17' title="bbox 59 1261 1524 1377">
     <span class='ocr_line' id='line_1_18' title="bbox 59 1261 1524 1311; baseline -0.002 -12"><span class='ocrx_word' id='word_1_126' title='bbox 59 1270 170 1307; x_wconf 87' lang='lat' dir='ltr'>tator,</span> <span class='ocrx_word' id='word_1_127' title='bbox 190 1262 373 1311; x_wconf 83' lang='lat' dir='ltr'>magistro</span> <span class='ocrx_word' id='word_1_128' title='bbox 397 1263 567 1311; x_wconf 86' lang='lat' dir='ltr'>equitum</span> <span class='ocrx_word' id='word_1_129' title='bbox 597 1262 643 1298; x_wconf 90' lang='lat' dir='ltr'>A.</span> <span class='ocrx_word' id='word_1_130' title='bbox 666 1261 844 1300; x_wconf 91' lang='lat' dir='ltr'>Cornelio</span> <span class='ocrx_word' id='word_1_131' title='bbox 867 1261 990 1300; x_wconf 87' lang='lat' dir='ltr'>Cosso</span> <span class='ocrx_word' id='word_1_132' title='bbox 1021 1263 1135 1308; x_wconf 88' lang='lat' dir='ltr'>dicto,</span> <span class='ocrx_word' id='word_1_133' title='bbox 1165 1263 1318 1300; x_wconf 87' lang='lat' dir='ltr'>comitia</span> <span class='ocrx_word' id='word_1_134' title='bbox 1331 1271 1413 1300; x_wconf 57' lang='lat' dir='ltr'>ac.</span> <span class='ocrx_word' id='word_1_135' title='bbox 1433 1271 1524 1298; x_wconf 79' lang='lat'><strong>348.</strong></span> 
     </span>
     <span class='ocr_line' id='line_1_19' title="bbox 60 1326 1318 1377; baseline -0.001 -12"><span class='ocrx_word' id='word_1_136' title='bbox 60 1327 276 1366; x_wconf 85' lang='lat' dir='ltr'>consularia</span> <span class='ocrx_word' id='word_1_137' title='bbox 319 1326 462 1373; x_wconf 84' lang='lat' dir='ltr'>habuit,</span> <span class='ocrx_word' id='word_1_138' title='bbox 513 1328 783 1377; x_wconf 87' lang='lat' dir='ltr'>aemulumque</span> <span class='ocrx_word' id='word_1_139' title='bbox 828 1328 976 1365; x_wconf 86' lang='lat' dir='ltr'>decoris</span> <span class='ocrx_word' id='word_1_140' title='bbox 1021 1329 1078 1365; x_wconf 87' lang='lat' dir='ltr'>sui</span> <span class='ocrx_word' id='word_1_141' title='bbox 1122 1328 1318 1365; x_wconf 75' lang='lat' dir='ltr'>absentem</span> 
     </span>
    </p>

    <p class='ocr_par' dir='ltr' id='par_1_18' title="bbox 60 1392 1637 1638">
     <span class='ocr_line' id='line_1_20' title="bbox 60 1392 1525 1451; baseline 0.001 -22"><span class='ocrx_word' id='word_1_142' title='bbox 60 1392 115 1430; x_wconf 88' lang='lat' dir='ltr'>M.</span> <span class='ocrx_word' id='word_1_143' title='bbox 138 1392 335 1429; x_wconf 87' lang='lat' dir='ltr'>Valerium</span> <span class='ocrx_word' id='word_1_144' title='bbox 357 1392 524 1430; x_wconf 86' lang='lat' dir='ltr'>Corvum</span> <span class='ocrx_word' id='word_1_145' title='bbox 546 1392 599 1444; x_wconf 87' lang='lat' dir='ltr'>(id</span> <span class='ocrx_word' id='word_1_146' title='bbox 620 1394 722 1430; x_wconf 90' lang='lat' dir='ltr'>enim</span> <span class='ocrx_word' id='word_1_147' title='bbox 747 1393 797 1429; x_wconf 88' lang='lat' dir='ltr'>illi</span> <span class='ocrx_word' id='word_1_148' title='bbox 818 1393 954 1431; x_wconf 89' lang='lat' dir='ltr'>deinde</span> <span class='ocrx_word' id='word_1_149' title='bbox 974 1394 1213 1442; x_wconf 83' lang='lat' dir='ltr'>cognominis</span> <span class='ocrx_word' id='word_1_150' title='bbox 1232 1393 1318 1439; x_wconf 88' lang='lat' dir='ltr'>fuit)</span> <span class='ocrx_word' id='word_1_151' title='bbox 1399 1436 1415 1451; x_wconf 42' lang='grc' dir='ltr'>ᾖ</span> <span class='ocrx_word' id='word_1_152' title='bbox 1458 1427 1465 1442; x_wconf 16' lang='grc' dir='ltr'>,Δ</span> <span class='ocrx_word' id='word_1_153' title='bbox 1485 1431 1492 1440; x_wconf 48' lang='grc' dir='ltr'><em>Ι</em></span> <span class='ocrx_word' id='word_1_154' title='bbox 1522 1432 1525 1435; x_wconf 71' lang='grc'>,</span> 
     </span>
     <span class='ocr_line' id='line_1_21' title="bbox 60 1436 1637 1521; baseline -0.008 -27"><span class='ocrx_word' id='word_1_155' title='bbox 60 1470 213 1495; x_wconf 89' lang='lat' dir='ltr'>summo</span> <span class='ocrx_word' id='word_1_156' title='bbox 241 1457 366 1495; x_wconf 84' lang='lat' dir='ltr'>favore</span> <span class='ocrx_word' id='word_1_157' title='bbox 395 1458 538 1507; x_wconf 90' lang='lat' dir='ltr'>populi,</span> <span class='ocrx_word' id='word_1_158' title='bbox 570 1466 643 1505; x_wconf 48' lang='lat' dir='ltr'>tres</span> <span class='ocrx_word' id='word_1_159' title='bbox 672 1466 707 1496; x_wconf 88' lang='lat' dir='ltr'>et</span> <span class='ocrx_word' id='word_1_160' title='bbox 736 1459 865 1508; x_wconf 85' lang='lat' dir='ltr'>viginti</span> <span class='ocrx_word' id='word_1_161' title='bbox 894 1466 1026 1505; x_wconf 85' lang='lat' dir='ltr'>natum</span> <span class='ocrx_word' id='word_1_162' title='bbox 1057 1471 1192 1505; x_wconf 87' lang='lat' dir='ltr'>annos,</span> <span class='ocrx_word' id='word_1_163' title='bbox 1224 1471 1316 1496; x_wconf 92' lang='lat' dir='ltr'>con—</span> <span class='ocrx_word' id='word_1_164' title='bbox 1332 1436 1572 1521; x_wconf 40' lang='grc' dir='ltr'>Μμζΐ-,ἱςέ</span> <span class='ocrx_word' id='word_1_165' title='bbox 1584 1445 1637 1507; x_wconf 37' lang='grc' dir='ltr'>ηρ]</span> 
     </span>
     <span class='ocr_line' id='line_1_22' title="bbox 60 1523 1368 1573; baseline -0.002 -14"><span class='ocrx_word' id='word_1_166' title='bbox 60 1523 180 1560; x_wconf 87' lang='lat' dir='ltr'>sulem</span> <span class='ocrx_word' id='word_1_167' title='bbox 201 1524 436 1562; x_wconf 79' lang='lat' dir='ltr'>renuntiavit.</span> <span class='ocrx_word' id='word_1_168' title='bbox 493 1524 651 1573; x_wconf 83' lang='lat' dir='ltr'>Collega</span> <span class='ocrx_word' id='word_1_169' title='bbox 681 1523 808 1561; x_wconf 77' lang='lat' dir='ltr'>Corvo</span> <span class='ocrx_word' id='word_1_170' title='bbox 838 1524 884 1560; x_wconf 89' lang='lat' dir='ltr'>de</span> <span class='ocrx_word' id='word_1_171' title='bbox 913 1524 1022 1573; x_wconf 89' lang='lat' dir='ltr'>plebe</span> <span class='ocrx_word' id='word_1_172' title='bbox 1051 1523 1106 1561; x_wconf 85' lang='lat' dir='ltr'>M.</span> <span class='ocrx_word' id='word_1_173' title='bbox 1138 1524 1317 1573; x_wconf 90' lang='lat' dir='ltr'>Popillius</span> <span class='ocrx_word' id='word_1_174' title='bbox 1331 1528 1368 1558; x_wconf 82' lang='grc'>13</span> 
     </span>
     <span class='ocr_line' id='line_1_23' title="bbox 60 1588 1318 1638; baseline 0.001 -13"><span class='ocrx_word' id='word_1_175' title='bbox 60 1588 222 1634; x_wconf 86' lang='lat' dir='ltr'>Laenas,</span> <span class='ocrx_word' id='word_1_176' title='bbox 253 1596 430 1638; x_wconf 89' lang='lat' dir='ltr'>quartum</span> <span class='ocrx_word' id='word_1_177' title='bbox 451 1589 585 1626; x_wconf 84' lang='lat' dir='ltr'>consul</span> <span class='ocrx_word' id='word_1_178' title='bbox 607 1590 764 1635; x_wconf 83' lang='lat' dir='ltr'>futurus,</span> <span class='ocrx_word' id='word_1_179' title='bbox 785 1589 896 1626; x_wconf 86' lang='lat' dir='ltr'>datus</span> <span class='ocrx_word' id='word_1_180' title='bbox 915 1596 981 1626; x_wconf 87' lang='lat' dir='ltr'>est.</span> <span class='ocrx_word' id='word_1_181' title='bbox 1039 1589 1139 1626; x_wconf 91' lang='lat' dir='ltr'>Cum</span> <span class='ocrx_word' id='word_1_182' title='bbox 1161 1589 1318 1627; x_wconf 88' lang='lat' dir='ltr'>Graecis</span> 
     </span>
    </p>

    <p class='ocr_par' dir='ltr' id='par_1_19' title="bbox 59 1654 1620 2095">
     <span class='ocr_line' id='line_1_24' title="bbox 60 1654 1549 1706; baseline 0.001 -15"><span class='ocrx_word' id='word_1_183' title='bbox 60 1667 82 1691; x_wconf 90' lang='lat' dir='ltr'>a</span> <span class='ocrx_word' id='word_1_184' title='bbox 103 1654 268 1692; x_wconf 89' lang='lat' dir='ltr'>Camillo</span> <span class='ocrx_word' id='word_1_185' title='bbox 289 1655 392 1691; x_wconf 90' lang='lat' dir='ltr'>nulla</span> <span class='ocrx_word' id='word_1_186' title='bbox 417 1655 675 1692; x_wconf 86' lang='lat' dir='ltr'>memorabilis</span> <span class='ocrx_word' id='word_1_187' title='bbox 699 1662 806 1704; x_wconf 88' lang='lat' dir='ltr'>gesta</span> <span class='ocrx_word' id='word_1_188' title='bbox 836 1667 915 1700; x_wconf 85' lang='lat' dir='ltr'>res;</span> <span class='ocrx_word' id='word_1_189' title='bbox 945 1667 1015 1692; x_wconf 88' lang='lat' dir='ltr'>nec</span> <span class='ocrx_word' id='word_1_190' title='bbox 1044 1655 1094 1691; x_wconf 89' lang='lat' dir='ltr'>illi</span> <span class='ocrx_word' id='word_1_191' title='bbox 1124 1662 1223 1692; x_wconf 88' lang='lat' dir='ltr'>terra</span> <span class='ocrx_word' id='word_1_192' title='bbox 1246 1667 1317 1692; x_wconf 87' lang='lat' dir='ltr'>nec</span> <span class='ocrx_word' id='word_1_193' title='bbox 1540 1699 1549 1706; x_wconf 26' lang='lat' dir='ltr'>q</span> 
     </span>
     <span class='ocr_line' id='line_1_25' title="bbox 61 1696 1620 1770; baseline -0.001 -14"><span class='ocrx_word' id='word_1_194' title='bbox 61 1720 263 1758; x_wconf 89' lang='lat' dir='ltr'>Romanus</span> <span class='ocrx_word' id='word_1_195' title='bbox 297 1720 392 1756; x_wconf 89' lang='lat' dir='ltr'>mari</span> <span class='ocrx_word' id='word_1_196' title='bbox 424 1719 583 1757; x_wconf 85' lang='lat' dir='ltr'>bellator</span> <span class='ocrx_word' id='word_1_197' title='bbox 616 1727 705 1757; x_wconf 88' lang='lat' dir='ltr'>erat.</span> <span class='ocrx_word' id='word_1_198' title='bbox 762 1719 962 1757; x_wconf 86' lang='lat' dir='ltr'>Postremo</span> <span class='ocrx_word' id='word_1_199' title='bbox 993 1732 1113 1770; x_wconf 90' lang='lat' dir='ltr'>quum</span> <span class='ocrx_word' id='word_1_200' title='bbox 1146 1696 1620 1757; x_wconf 48' lang='lat' dir='ltr'>litoribus145⁶v⁶&#39;‘“*²‘⁴⁰&#39;</span> 
     </span>
     <span class='ocr_line' id='line_1_26' title="bbox 60 1785 1315 1834; baseline -0.001 -12"><span class='ocrx_word' id='word_1_201' title='bbox 60 1791 287 1831; x_wconf 85' lang='lat' dir='ltr'>arcerentur,</span> <span class='ocrx_word' id='word_1_202' title='bbox 319 1796 419 1834; x_wconf 86' lang='lat' dir='ltr'>aqua</span> <span class='ocrx_word' id='word_1_203' title='bbox 442 1785 557 1821; x_wconf 89' lang='lat' dir='ltr'>etiam</span> <span class='ocrx_word' id='word_1_204' title='bbox 576 1792 724 1833; x_wconf 85' lang='lat' dir='ltr'>praeter</span> <span class='ocrx_word' id='word_1_205' title='bbox 743 1792 867 1822; x_wconf 86' lang='lat' dir='ltr'>cetera</span> <span class='ocrx_word' id='word_1_206' title='bbox 891 1786 1102 1822; x_wconf 82' lang='lat' dir='ltr'>necessaria</span> <span class='ocrx_word' id='word_1_207' title='bbox 1122 1785 1205 1821; x_wconf 88' lang='lat' dir='ltr'>usui</span> <span class='ocrx_word' id='word_1_208' title='bbox 1225 1785 1315 1821; x_wconf 85' lang='lat' dir='ltr'>defi-</span> 
     </span>
     <span class='ocr_line' id='line_1_27' title="bbox 59 1849 1368 1899; baseline 0 -12"><span class='ocrx_word' id='word_1_209' title='bbox 59 1851 192 1895; x_wconf 86' lang='lat' dir='ltr'>ciente,</span> <span class='ocrx_word' id='word_1_210' title='bbox 215 1850 364 1887; x_wconf 85' lang='lat' dir='ltr'>Italiam</span> <span class='ocrx_word' id='word_1_211' title='bbox 384 1850 579 1899; x_wconf 88' lang='lat' dir='ltr'>reliquere.</span> <span class='ocrx_word' id='word_1_212' title='bbox 635 1849 754 1887; x_wconf 89' lang='lat' dir='ltr'>Cuius</span> <span class='ocrx_word' id='word_1_213' title='bbox 773 1851 904 1899; x_wconf 87' lang='lat' dir='ltr'>populi</span> <span class='ocrx_word' id='word_1_214' title='bbox 925 1863 970 1887; x_wconf 88' lang='lat' dir='ltr'>ea</span> <span class='ocrx_word' id='word_1_215' title='bbox 990 1851 1174 1899; x_wconf 84' lang='lat' dir='ltr'>cuiusque</span> <span class='ocrx_word' id='word_1_216' title='bbox 1193 1850 1316 1899; x_wconf 89' lang='lat' dir='ltr'>gentis</span> <span class='ocrx_word' id='word_1_217' title='bbox 1330 1857 1368 1887; x_wconf 89' lang='lat'>15</span> 
     </span>
     <span class='ocr_line' id='line_1_28' title="bbox 59 1914 1315 1965; baseline 0 -13"><span class='ocrx_word' id='word_1_218' title='bbox 59 1915 190 1953; x_wconf 88' lang='lat' dir='ltr'>classis</span> <span class='ocrx_word' id='word_1_219' title='bbox 216 1915 338 1961; x_wconf 84' lang='lat' dir='ltr'>fuerit,</span> <span class='ocrx_word' id='word_1_220' title='bbox 366 1915 458 1952; x_wconf 89' lang='lat' dir='ltr'>nihil</span> <span class='ocrx_word' id='word_1_221' title='bbox 487 1915 578 1952; x_wconf 87' lang='lat' dir='ltr'>certi</span> <span class='ocrx_word' id='word_1_222' title='bbox 604 1922 669 1952; x_wconf 88' lang='lat' dir='ltr'>est.</span> <span class='ocrx_word' id='word_1_223' title='bbox 727 1914 900 1952; x_wconf 85' lang='lat' dir='ltr'>Maxime</span> <span class='ocrx_word' id='word_1_224' title='bbox 934 1915 1082 1952; x_wconf 87' lang='lat' dir='ltr'>Siciliae</span> <span class='ocrx_word' id='word_1_225' title='bbox 1113 1915 1227 1953; x_wconf 88' lang='lat' dir='ltr'>fuisse</span> <span class='ocrx_word' id='word_1_226' title='bbox 1259 1923 1315 1965; x_wconf 88' lang='lat' dir='ltr'>ty-</span> 
     </span>
     <span class='ocr_line' id='line_1_29' title="bbox 61 1980 1316 2030; baseline 0.001 -13"><span class='ocrx_word' id='word_1_227' title='bbox 61 1992 204 2018; x_wconf 87' lang='lat' dir='ltr'>rannos</span> <span class='ocrx_word' id='word_1_228' title='bbox 237 1980 461 2018; x_wconf 88' lang='lat' dir='ltr'>crediderim</span> <span class='ocrx_word' id='word_1_229' title='bbox 477 1993 486 2026; x_wconf 87' lang='lat'>;</span> <span class='ocrx_word' id='word_1_230' title='bbox 521 1993 611 2017; x_wconf 89' lang='lat' dir='ltr'>nam</span> <span class='ocrx_word' id='word_1_231' title='bbox 640 1980 795 2017; x_wconf 91' lang='lat' dir='ltr'>ulterior</span> <span class='ocrx_word' id='word_1_232' title='bbox 824 1980 986 2018; x_wconf 86' lang='lat' dir='ltr'>Graecia</span> <span class='ocrx_word' id='word_1_233' title='bbox 1019 1993 1064 2017; x_wconf 85' lang='lat' dir='ltr'>ea</span> <span class='ocrx_word' id='word_1_234' title='bbox 1094 1988 1316 2030; x_wconf 84' lang='lat' dir='ltr'>tempestate</span> 
     </span>
     <span class='ocr_line' id='line_1_30' title="bbox 59 2044 1178 2095; baseline 0.001 -13"><span class='ocrx_word' id='word_1_235' title='bbox 59 2046 238 2083; x_wconf 86' lang='lat' dir='ltr'>intestino</span> <span class='ocrx_word' id='word_1_236' title='bbox 259 2045 358 2083; x_wconf 86' lang='lat' dir='ltr'>fessa</span> <span class='ocrx_word' id='word_1_237' title='bbox 377 2045 476 2083; x_wconf 91' lang='lat' dir='ltr'>bello</span> <span class='ocrx_word' id='word_1_238' title='bbox 497 2045 572 2082; x_wconf 91' lang='lat' dir='ltr'>iam</span> <span class='ocrx_word' id='word_1_239' title='bbox 594 2044 856 2083; x_wconf 88' lang='lat' dir='ltr'>Macedonum</span> <span class='ocrx_word' id='word_1_240' title='bbox 877 2058 970 2095; x_wconf 89' lang='lat' dir='ltr'>opes</span> <span class='ocrx_word' id='word_1_241' title='bbox 989 2045 1178 2083; x_wconf 87' lang='lat' dir='ltr'>horrebat.</span> 
     </span>
    </p>
   </div>
  </div>
 </body>
</html>
