1637 2554
453 148 703 180 CAAIILLUS
730 149 803 179 AT
827 148 1013 182 ARDEA.
1304 155 1352 195 91

106 336 121 371 ξ
143 341 169 364 1.
199 332 361 364 Camillus
378 343 471 373 urges
486 332 538 363 the
556 343 628 363 men
645 332 686 373 of
693 334 724 363 A
729 332 805 363 rdca
822 337 852 363 to
867 332 942 363 hold
951 333 1068 363 action.
1116 335 1125 349 ‘
1142 333 1208 364 The
1235 333 1359 372 Gauls,’
1373 337 1456 365 ΒΩ.
1473 338 1564 365 390.

190 384 228 415 lte
242 395 324 424 says,
342 385 350 400 ‘
360 394 417 414 arc
432 395 452 414 a
469 383 647 414 harharous
661 384 733 413 and
746 384 1117 424 undisczjlz'ncdpcople.
1162 384 1250 415 Aba-1
1266 385 1295 415 is
1309 386 1362 416 llzc

188 436 304 467 chance
319 440 350 466 to
365 440 464 476 repay
479 434 532 465 tlte
546 433 675 475 bcncfits
689 434 860 476 conserrcd
872 434 911 474 by
927 433 1048 466 Rome?

156 515 165 531 ‘
181 510 365 548 Ardeates
378 509 386 523 '
407 510 539 559 inquit,
562 512 570 528 ‘
583 518 728 547 veteres
758 509 882 554 amici,
903 510 992 547 novi
1016 510 1130 547 ctiam
1150 511 1250 548 cives
1271 512 1358 558 mei,
1374 519 1389 546 1
1424 515 1496 549 Ch.
1510 515 1576 548 44.

101 576 256 625 quando
276 583 312 613 et
331 583 496 612 vestrum
520 575 750 612 beneficium
771 575 822 612 ita
848 575 930 612 tulit
954 583 990 613 et
1016 575 1167 614 fortuna
1191 576 1264 614 hoe
1284 578 1360 627 egit

101 654 212 687 mea;
261 653 375 679 nemo
404 648 570 678 vestmm
600 640 838 678 condicionis
867 653 978 678 meae
1007 641 1166 679 oblitum
1196 654 1258 679 me
1288 642 1361 680 huc

100 706 328 755 processisse
356 713 485 755 putet3
516 705 582 742 sed
611 718 671 742 res
701 718 745 743 ae
773 706 983 755 periculum
1013 719 1220 744 commune
1248 707 1360 756 cogit,

100 771 206 820 quod
225 771 384 820 quisque
402 771 532 820 possit,
547 771 585 807 in
606 783 644 808 re
661 771 807 820 trepida
826 772 998 820 praesidii
1018 772 1057 808 in
1077 773 1244 810 medium
1264 785 1356 810 con-

99 836 204 873 ferre.
259 835 308 873 Et
322 836 477 886 quando
493 848 566 884 ego
581 836 689 873 vobis
703 848 773 885 pro
792 837 906 873 tantis
925 838 1056 874 vestris
1077 838 1116 874 in
1131 850 1193 875 me
1212 839 1355 876 meritis
1368 842 1386 872 2

100 902 260 951 gratiam
280 901 451 946 referam,
471 902 501 938 si
523 914 627 939 nunc
648 904 875 940 cessavero?
905 910 968 939 aut
988 903 1053 940 ubi
1073 915 1164 941 usus
1185 905 1254 941 erit
1280 905 1356 941 mei

100 967 216 1012 vobis,
239 967 268 1004 si
289 967 326 1004 in
350 967 452 1005 bello
481 980 562 1005 non
582 968 718 1005 fuerit?
776 967 864 1005 Hac
887 976 965 1006 arte
995 969 1032 1005 in
1053 970 1173 1018 patria
1202 970 1298 1013 steti,
1320 977 1357 1006 et

100 1033 259 1070 invictus
278 1033 379 1070 bello
398 1033 437 1070 in
450 1046 546 1083 pace
562 1035 611 1071 ab
630 1034 787 1083 ingratis
803 1035 946 1072 civibus
966 1035 1096 1084 pulsus
1110 1048 1204 1073 sum.
1233 1035 1355 1073 Vobis
1367 1040 1386 1070 3

100 1105 237 1144 autem,
265 1098 460 1140 Ardeates.
490 1099 642 1137 fortuna
671 1099 799 1136 oblata
832 1107 889 1137 est
918 1107 954 1137 et
982 1113 1052 1150 pro
1081 1101 1194 1138 tantis
1226 1101 1358 1150 populi

102 1163 269 1201 Romani
297 1164 501 1210 beneficiis,
522 1171 666 1214 quanta
695 1165 767 1214 ipsi
795 1166 1022 1203 meministis
1044 1165 1132 1216 (nec
1163 1167 1265 1203 enim
1295 1179 1360 1203 ex-

99 1230 317 1280 probranda
337 1230 440 1280 apud
459 1242 651 1268 memores
677 1229 793 1279 sunt),
814 1231 957 1280 gratiae
976 1231 1196 1269 referendae
1217 1240 1252 1269 et
1273 1231 1360 1269 huic

99 1296 183 1333 urbi
212 1295 329 1333 decus
356 1295 493 1346 ingens
521 1295 610 1333 belli
639 1308 687 1333 ex
716 1296 826 1333 hoste
854 1297 1052 1334 communi
1081 1297 1262 1346 pariendi,
1293 1298 1359 1346 qui

100 1361 223 1399 effuso
257 1361 410 1411 agmine
444 1361 632 1399 adventat.
701 1361 809 1399 Gens
837 1369 904 1407 est,
933 1363 993 1399 cui
1026 1370 1160 1400 natura
1193 1375 1354 1412 corpora
1369 1369 1386 1399 4

100 1429 328 1478 animosque
365 1441 507 1479 magna
544 1429 668 1478 magis
707 1441 823 1480 quam
862 1429 972 1467 firma
1010 1430 1152 1467 dederit
1164 1443 1173 1476 ;
1222 1443 1269 1468 eo
1317 1431 1356 1467 in

99 1502 292 1532 certamen
320 1506 437 1532 omne
455 1495 540 1544 plus
567 1495 719 1532 terroris
739 1507 856 1544 quam
876 1495 1009 1532 virium
1037 1495 1172 1533 ferunt.
1227 1498 1355 1546 Argu·
1369 1503 1389 1533 5

99 1567 232 1598 mento
261 1560 307 1597 sit
335 1559 462 1597 clades
492 1559 694 1598 Romana:
728 1567 923 1610 patentem
951 1573 1085 1610 cepere
1113 1562 1274 1607 urbem;
1309 1574 1358 1599 ex

99 1638 186 1663 arce
206 1624 474 1674 Capitolioque
503 1625 548 1663 iis
568 1626 707 1675 exigua
735 1626 918 1663 resistitur
937 1638 1079 1672 manu;
1109 1626 1187 1663 iam
1215 1627 1360 1664 obsidi-

100 1691 185 1729 onis
214 1691 340 1728 taedio
370 1691 457 1728 xicti
489 1691 700 1734 abscedunt
731 1691 893 1740 vagique
926 1703 995 1740 per
1026 1703 1140 1740 agros
1170 1691 1357 1740 palantur

101 1755 200 1793 Cibo
219 1767 386 1804 vinoque
406 1739 703 1805 raptinfhaus't'o
722 1748 863 1804 repleti,
883 1755 949 1792 ubi
969 1767 1048 1792 nox
1068 1756 1220 1805 appetit,
1236 1769 1355 1806 prope
1370 1764 1389 1793 6

99 1820 199 1857 rivos
218 1833 405 1870 aquarum
435 1822 516 1858 sine
536 1822 787 1866 munimento,
809 1820 889 1857 sine
910 1820 1136 1857 stationibus
1165 1833 1210 1858 ac
1229 1828 1358 1858 custo-

101 1885 173 1922 diis
189 1886 330 1934 passim
344 1886 509 1923 fezarum
529 1887 601 1923 ritu
617 1892 842 1930 sternuntur,
857 1897 960 1922 nunc
980 1886 1029 1922 ab
1050 1885 1226 1923 secundis
1245 1888 1360 1924 rebus

100 1951 224 2000 magis
252 1958 366 1989 etiam
395 1951 506 1989 solito
536 1952 687 1989 incauti.
745 1950 783 1988 Si
811 1950 919 1988 vobis
947 1950 986 1986 in
1015 1951 1146 1988 animo
1177 1958 1234 1988 est
1261 1953 1388 1992 tueri?

101 2016 255 2052 moenis.
282 2023 406 2054 vestra
434 2029 504 2054 nec
534 2017 612 2066 pati
641 2016 736 2054 haec
766 2016 897 2054 omnia
928 2014 1094 2053 Galliam
1124 2016 1216 2062 fieri,
1235 2018 1360 2066 prima

101 2080 227 2131 *je-‚nia
246 2082 366 2130 capite
387 2094 492 2119 arma
507 2082 800 2130 frequentesque
820 2093 882 2118 me
897 2081 1101 2130 sequimini
1121 2081 1169 2118 ad
1189 2082 1360 2128 caedem,

101 2157 182 2182 non
203 2145 251 2182 ad
269 2158 449 2195 pugnam.
506 2146 590 2184 Nisi
610 2146 756 2183 vinctos
785 2157 924 2183 somno
943 2145 1042 2182 velut
1061 2146 1228 2195 pecudes
1246 2148 1361 2184 truci-

103 2210 252 2247 dandos
289 2211 489 2255 tradidero,
526 2223 607 2248 non
653 2222 787 2248 recuso
834 2210 1000 2248 eundern
1038 2211 1189 2249 Ardeae
1235 2224 1363 2250 rerum

105 2287 279 2312 mearum
307 2275 461 2322 exitum,
484 2287 601 2325 quem
630 2275 781 2313 Romae
810 2274 948 2313 habui.'
