1637 2554
433 125 717 157 PATRJCIAN
744 124 966 157 CONSULS.
1243 125 1322 167 199

73 232 124 269 lib
146 187 458 281 ξιξίΐέέὂῐξςῗᾶῗῇὑέ
469 212 691 281 'fige-‘rc‘miffi
704 218 707 222 ¹
722 211 942 279 oneratique
963 230 1044 268 telis
1060 228 1172 275 Galli,
1186 230 1323 278 quibus
1337 239 1419 268 nc.
1436 240 1525 266 350.

72 305 136 335 aut
157 297 523 346 corpora'transfixa
550 304 612 334 aut
639 303 884 346 praegravata
915 295 1197 333 inhaerentibus
1218 306 1354 343 gere-9

73 363 164 399 bant
198 368 315 407 scuta,
345 374 465 410 quum
499 374 612 399 cursu
651 374 772 410 paene
811 362 850 398 in
884 361 1084 398 adversum
1123 360 1324 401 subissent,

72 428 197 477 primo
227 428 357 464 incerti
387 427 575 473 restitere;
608 427 707 473 dein,
732 438 850 476 quum
880 427 962 475 ipsa
989 425 1178 463 cunctatio
1203 431 1238 461 et
1267 423 1324 460 his

73 493 221 529 animos
242 493 438 529 minuisset
458 499 494 529 et
515 493 681 529 auxisset
708 491 816 538 hosti,
840 491 991 541 impulsi
1018 499 1116 529 retro
1136 502 1243 527 ruere
1264 489 1324 526 alii
1340 492 1379 520 10

73 570 186 606 super
206 559 300 595 alios
322 565 564 607 stragemque
582 558 680 594 inter
697 570 737 594 se
754 557 869 595 caede
885 558 967 606 ipsa
988 556 1197 594 foediorem
1214 555 1324 600 dare3

73 623 170 660 adeo
190 624 385 672 praecipiti
405 624 515 660 turba
535 623 661 660 obtriti
683 623 807 672 plures
829 635 944 671 quam
968 622 1066 659 ferro
1087 621 1221 659 necati.

77 718 92 752 ξ
114 724 139 746 1.
169 716 201 746 T
197 715 234 746 lle
254 716 356 746 Gauls
372 715 462 746 make
477 726 497 746 a
513 715 614 746 stand
623 716 659 746 z'n
672 715 837 756 thcplaz'n,
854 715 918 752 bul,
935 714 973 754 by
985 715 1036 745 llze
1048 713 1186 745 consufs
1200 714 1328 754 vigonr,
1345 716 1416 749 Ch,
1432 715 1497 748 24,

159 778 216 798 arc
221 767 348 809 finally
362 767 480 797 driven
496 772 525 797 lo
540 767 592 797 llic
609 767 719 797 Alban
737 768 866 797 lllount.
916 770 930 803 ξ
952 775 1000 797 10.
1032 767 1064 797 T
1060 767 1096 797 lle
1111 766 1224 796 consul
1237 765 1333 805 being

160 819 326 855 wounded,
337 820 377 850 L.
391 820 520 850 Furius
538 819 701 849 Camillus
714 819 742 848 is
757 818 878 849 named
888 817 1102 858 Dz'clalorfhr
1110 817 1162 847 llze
1171 817 1326 853 clections,

160 871 231 901 and
237 871 266 901 is
273 871 387 902 elected
395 871 508 901 consul
517 870 599 901 with
613 871 643 903 A
642 874 697 911 pp>
712 870 874 901 Claudius
887 871 1024 901 Crassus
1038 869 1122 910 (both
1129 868 1328 909 palrz'cz'an).

128 943 307 981 Necdum
329 949 432 980 certa
458 942 646 980 Romanis
668 943 824 979 victoria
851 949 951 987 erat;
983 942 1054 978 alia
1082 942 1119 978 in
1146 953 1325 990 campum
1342 950 1357 979 1

76 1009 262 1059 degressis
285 1016 480 1059 supererat
500 1008 630 1047 moles.
689 1007 867 1058 Namque
890 1008 1092 1045 multitudo
1114 1006 1325 1051 Gallorum,

75 1088 230 1113 sensum
252 1087 407 1112 omnem
429 1074 510 1111 talis
531 1074 663 1111 damni
684 1086 930 1123 exsuperans,
951 1073 1052 1111 velut
1078 1085 1177 1110 nova
1200 1084 1326 1109 rursus
1341 1082 1358 1111 2

75 1142 270 1180 exoriente
291 1140 379 1185 acie,
397 1141 587 1189 integrum
606 1140 763 1177 militem
784 1139 962 1176 adversus
977 1139 1157 1176 victorem
1176 1138 1327 1175 hostem

76 1207 209 1252 ciebat,
251 1207 427 1255 stetitque
467 1217 674 1255 suppresso
721 1205 866 1253 impetu
906 1204 1119 1248 Romanus,
1158 1209 1195 1240 et
1241 1203 1329 1252 quia

76 1272 208 1310 iterum
230 1270 339 1309 fessis
360 1271 558 1309 subeunda
578 1271 770 1308 dimicatio
791 1276 879 1316 erat,
895 1276 931 1307 et
952 1268 1056 1319 quod
1077 1268 1221 1314 consul,
1237 1268 1327 1304 dum
1341 1271 1359 1301 3

77 1338 172 1376 inter
192 1338 375 1388 primores
396 1338 570 1375 incautus
591 1337 716 1386 agitat,
739 1336 847 1373 laevo
875 1335 1034 1372 humero
1055 1334 1188 1371 matari
1207 1346 1329 1383 prope

77 1405 243 1450 traiecto,
283 1410 449 1442 cesserat
495 1414 701 1453 parumper
739 1415 786 1439 ex
825 1401 916 1439 acie.
986 1401 1147 1449 Iamque
1188 1400 1329 1437 omissa
1343 1407 1360 1437 4

77 1469 295 1508 cunctando
330 1469 486 1507 victoria
523 1475 612 1514 erat,
644 1480 762 1518 quum
801 1466 947 1513 consul,
978 1466 1131 1503 vulnere
1165 1465 1328 1513 alligato,

76 1542 246 1573 revectus
267 1535 316 1572 ad
337 1535 459 1585 prima
478 1535 586 1585 signa
603 1537 611 1553 ‘
626 1533 729 1581 Quid
752 1541 839 1579 stas,
857 1533 965 1570 miles
978 1531 1008 1569 ?'
1031 1531 1162 1580 inquit.
1216 1528 1329 1566 ‘Non

78 1613 166 1639 cum
187 1600 326 1638 Latino
348 1600 567 1650 Sabinoque
597 1599 706 1637 hoste
734 1612 793 1637 res
821 1606 887 1646 est,
910 1611 1025 1648 quem
1046 1597 1186 1634 victum
1214 1595 1328 1632 armis

78 1669 226 1706 socium
260 1680 308 1705 ex
341 1667 450 1705 hoste
485 1666 600 1703 facias
618 1679 626 1711 ;
668 1667 705 1703 in
740 1666 872 1703 beluas
908 1664 1129 1702 strinximus
1167 1661 1306 1699 ferrum
1319 1672 1328 1706 3
1342 1670 1360 1701 5

79 1733 310 1772 hauriendus
331 1740 394 1770 aut
418 1732 567 1770 dandus
587 1738 644 1769 est
672 1732 840 1781 sanguis.
898 1729 1122 1779 Propulistis
1142 1740 1164 1764 a
1185 1726 1326 1770 castris,

79 1800 216 1849 supina
235 1798 329 1836 valle
352 1798 578 1848 praecipites
598 1798 738 1847 egistis,
760 1797 885 1835 stratis
912 1795 1136 1846 corporibus
1163 1792 1329 1830 hostium

79 1866 322 1915 superstatis;
353 1864 543 1913 complete
571 1864 706 1901 eadem
734 1869 858 1912 strage
880 1873 1052 1910 campos,
1076 1871 1153 1909 qua
1181 1864 1330 1895 montes

80 1930 261 1979 replestis.
319 1929 447 1968 Nolite
481 1936 715 1978 exspectare,
747 1928 839 1965 dum
878 1933 1019 1964 stantes
1053 1936 1122 1962 vos
1160 1923 1306 1972 fugiant
1319 1934 1327 1967 ;
1345 1930 1362 1958 6

79 1995 276 2033 inferenda
314 2001 403 2033 sunt
451 1995 561 2043 signa
599 2000 635 2031 et
673 1993 893 2031 vadendum
931 1992 970 2028 in
1016 1988 1188 2028 hostem!
1257 1987 1331 2024 His
1345 1998 1362 2030 7

80 2060 408 2098 adhortationibus
438 2060 575 2097 iterum
605 2059 725 2097 coorti
754 2058 897 2107 pellunt
924 2057 1010 2094 loco
1037 2056 1182 2105 primos
1210 2053 1330 2090 mani-

82 2126 192 2176 pulos
222 2125 445 2171 Gallorum3
480 2125 611 2162 cuneis
641 2124 778 2161 deinde
808 2124 846 2159 in
878 2122 1048 2160 medium
1078 2132 1216 2169 agmen
1246 2131 1330 2168 per-

81 2198 274 2240 rumpunt.
315 2191 412 2228 Inde
432 2190 582 2228 barbari
603 2189 786 2238 dissipati,
801 2188 942 2237 quibus
962 2199 1032 2224 nec
1050 2192 1153 2223 certa
1173 2184 1331 2234 imperia
1345 2192 1362 2221 8

82 2269 153 2294 nec
179 2257 295 2294 duces
321 2262 459 2301 essent,
486 2261 634 2293 vertunt
662 2255 848 2303 impetum
877 2252 916 2289 in
945 2264 1056 2298 suos;
1086 2251 1236 2300 fusique
1264 2261 1331 2299 per
