1736 2521
360 108 441 138 222
690 103 820 144 LJVY,
850 103 987 135 BOOK
1010 103 1088 135 νη.
1112 94 1180 150 38,
1202 107 1269 150 39.

154 221 237 250 nc.
255 222 345 249 343.
359 211 538 261 quinque.
596 209 788 248 Consules
821 210 936 247 ambo
969 209 1015 246 de
1056 208 1289 246 Samnitibus
1322 207 1613 258 triumpharunt,

326 285 345 315 3
360 283 542 326 sequente
562 275 685 314 Decio
712 276 851 325 insigni
871 287 959 312 cum
986 274 1098 312 laude
1121 275 1318 324 donisque,
1340 286 1459 324 quum
1482 274 1614 312 incon·

360 342 439 380 dito
459 342 608 379 militari
628 342 715 379 ioco
735 341 838 378 haud
858 341 984 377 minus
1005 340 1145 377 tribuni
1165 340 1311 377 celebre
1335 352 1478 377 nomen
1498 351 1614 388 quam

328 418 346 448 4
361 407 559 445 consulum
579 414 688 444 esset.
746 405 1035 455 Campanorum
1056 405 1193 443 deinde
1219 404 1615 454 Suessulanorumque

359 472 510 510 auditae
544 472 764 521 legationes,
796 471 1116 520 precantibusque
1144 470 1286 515 datum,
1315 477 1356 507 ut
1385 470 1615 520 praesidium

359 551 406 576 eo
444 538 484 574 in
526 537 683 574 hiberna
725 537 945 582 mitteretur,
984 548 1062 586 quo
1103 535 1330 573 Samnitium
1368 535 1616 573 excursiones

327 610 586 645 5arcerentur.
642 601 727 640 Iam
747 609 828 639 tum
854 601 1010 639 minime
1037 601 1194 639 salubris
1220 601 1370 638 militari
1393 600 1616 650 disciplinae

359 668 494 718 Capua
513 669 764 705 instrumento
784 668 959 705 omnium
979 667 1229 717 voluptatium
1249 667 1433 704 delenitos
1451 666 1615 703 militum

359 734 509 771 animos
529 734 662 771 avertit
683 746 704 770 a
724 733 911 770 memoria
932 734 1085 782 patriae,
1107 733 1376 782 inibanturque
1397 718 1556 770 consilia
1575 733 1614 768 in

359 798 527 837 hibernis
556 799 594 836 in
622 799 760 837 eodem
789 799 931 842 scelere
958 784 1183 864 adimepdag
1211 797 1422 847 Campanis
1443 796 1613 847 Capuae,

735 835 1015 870 manaan-suh(
1047 841 1078 864 (c
1130 850 1140 863 a

328 876 428 914 fiper
447 865 553 915 quod
582 865 633 901 illi
660 877 744 902 eam
774 871 938 914 antiquis
967 847 1175 902 culidrifuis
1194 864 1456 917 ademissent:
1487 875 1615 934 nepue

358 931 548 968 immerito
587 943 698 968 suum
746 905 1613 979 ipsorumfe'fxssffipsufri‘·i‘ff'ebs'”versuru*fii.

358 996 438 1034 Cur
475 1003 601 1034 autem
640 997 767 1046 potius
803 995 993 1045 Campani
1031 1008 1170 1045 agrum*
1200 995 1332 1032 Italiae
1365 995 1613 1041 uberrimum,

359 1061 517 1110 dignam
546 1074 638 1111 agro
667 1062 812 1108 urbem,
839 1062 904 1111 qui
934 1074 1005 1099 nec
1036 1073 1076 1099 se
1106 1073 1178 1099 nec
1208 1073 1277 1098 sua
1305 1060 1416 1097 tutari
1445 1067 1612 1109 possent,

358 1138 475 1176 quam
495 1127 614 1164 victor
635 1127 822 1165 exercitus
843 1127 1010 1172 haberet,
1025 1127 1090 1177 qui
1111 1139 1180 1165 suo
1202 1126 1340 1164 sudore
1360 1138 1405 1164 ac
1426 1126 1613 1175 sanguine

326 1192 448 1233 rinde
479 1192 675 1249 Samnites
699 1192 931 1254 depulisset?
958 1193 1051 1250 An
1084 1205 1252 1243 aequum
1285 1204 1380 1237 esse,
1412 1191 1613 1230 dediticios

358 1269 448 1295 suos
469 1258 532 1294 illa
558 1248 745 1295 fe‘ftilitate
774 1243 1146 1308 atqtie'amoenitate
1176 1258 1326 1308 perfrui,
1349 1270 1388 1295 se
1414 1257 1613 1295 militando

357 1322 478 1360 sessos
507 1323 546 1359 in
574 1323 765 1377 pestilenti,
793 1330 907 1384 atque
936 1323 1043 1361 arido
1075 1324 1176 1372 cirea
1204 1324 1338 1376 urbem
1369 1323 1452 1374 solo
1479 1323 1612 1389 luptari

358 1396 422 1426 aut
451 1389 489 1425 in
518 1389 612 1425 urbe
642 1369 1332 1427 isssslfigr'itemmfdiib'rns'c‘igs'ss&fiiisffl‘ir‘i
1346 1370 1612 1427 ’dies‘i‘gnoris

326 1454 464 1504 Spati?
533 1453 644 1491 Haec
683 1455 823 1502 agitata
865 1455 1023 1492 occultis
1070 1454 1397 1492 coniurationibus
1445 1454 1611 1492 necdum

154 1528 238 1557 Rc.
255 1529 345 1557 342.
359 1519 511 1569 vulgata
530 1519 569 1555 in
589 1531 724 1556 omnes
744 1519 903 1557 consilia
924 1520 1066 1558 invenit
1087 1532 1205 1558 novus
1227 1520 1360 1558 consul
1381 1520 1424 1558 C.
1442 1519 1612 1558 Marcius

359 1584 523 1630 Rutilus,
540 1584 601 1621 cui
618 1583 833 1633 Campania
853 1591 953 1622 sorte
968 1586 1163 1634 provincia
1184 1592 1371 1630 evenerat,
1389 1584 1439 1632 Q.
1455 1585 1612 1624 Servilio

325 1650 508 1699 scollega
537 1650 586 1686 ad
614 1650 749 1686 urbem
778 1650 919 1688 relicto.
979 1650 1114 1701 Itaque
1140 1663 1261 1701 quum
1287 1651 1418 1689 omnia
1437 1663 1494 1696 ea,
1515 1651 1611 1689 sicut

356 1722 464 1765 gesta
491 1722 609 1761 erant,
640 1728 707 1764 per
737 1716 908 1754 tribunos
938 1724 1134 1765 comperta
1163 1716 1330 1761 haberet,
1360 1723 1396 1753 et
1424 1723 1546 1755 aetate
1575 1723 1612 1754 et

356 1793 428 1818 usu
457 1781 602 1827 doetus,
625 1782 766 1830 quippe
794 1782 860 1831 qui
888 1782 964 1818 iam
993 1789 1170 1831 quartum
1200 1782 1335 1819 consul
1365 1788 1464 1819 esset
1492 1781 1610 1820 dicta-

356 1854 492 1896 torque
513 1853 549 1884 et
576 1859 715 1884 censor
741 1846 883 1892 suisset,
905 1848 1092 1896 optimum
1123 1853 1226 1884 ratus
1246 1847 1458 1885 differendo
1487 1859 1609 1897 spem,

355 1911 667 1962 quandocunque
697 1912 845 1958 vellent,
873 1912 1019 1949 consilii
1048 1911 1282 1961 exsequendi
1311 1911 1512 1949 militarem
1540 1912 1610 1948 im-

356 1984 485 2026 petum
519 1977 697 2022 frustrari,
729 1989 922 2014 rumorem
955 1977 1124 2026 dissipat,
1154 1977 1193 2013 in
1227 1976 1360 2014 iisdem
1390 1977 1543 2026 oppidis
1573 1983 1610 2014 et

304 2053 344 2082 10
357 2054 459 2080 anno
489 2049 576 2092 post
604 2043 794 2092 praesidia
824 2043 1093 2088 hibernatura3
1126 2042 1246 2079 divisa
1274 2043 1378 2079 enim
1408 2048 1514 2080 erant
1542 2055 1610 2092 per

357 2108 592 2157 Campaniae
612 2109 735 2154 urbes,
757 2114 1081 2157 manaverantque
1101 2119 1123 2144 a
1143 2106 1277 2156 Capua
1301 2107 1458 2145 consilia
1484 2107 1523 2144 in
1543 2120 1609 2145 ex-

353 2174 512 2210 ercitum
556 2185 722 2210 omnem.
790 2171 850 2210 Eo
896 2172 1115 2210 laxamento
1162 2171 1458 2222 cogitationibus
1505 2172 1607 2219 dato,

354 2239 494 2288 quievit
514 2239 551 2275 in
571 2238 786 2288 praesentia
807 2237 954 2276 seditio.
