1736 2521
115 216 197 245 B-C.
215 216 304 245 aaa,
318 203 474 253 perinde
495 215 539 241 ac
561 204 611 241 rei
631 204 822 253 gerendae
843 217 887 242 ac
909 217 988 242 non
1010 206 1212 243 solvendae
1239 205 1432 255 religionis
1451 207 1572 255 gratia

317 276 466 305 creatus
494 275 603 314 esset,
635 269 775 306 bellum
805 269 1019 307 Hernicum
1053 271 1236 308 affectans
1266 271 1403 308 dilectu
1432 272 1572 309 acerbo

317 334 549 370 iuventutem
577 334 752 382 agitavit;
782 335 1012 384 tandemque
1037 337 1218 372 omnibus
1244 336 1282 372 in
1303 348 1390 373 eum
1414 337 1573 374 tribunis

317 398 438 448 plebis
458 399 608 444 coortis,
632 411 698 436 seu
718 400 752 436 vi
781 412 847 436 seu
868 400 1093 437 verecundia
1113 401 1244 446 victus,
1268 401 1450 438 dictatura
1471 402 1572 439 abiit.

322 100 401 141 172
690 98 819 140 LIVJ',
849 98 986 131 BOOK
1009 99 1088 131 Vll.
1112 0 1736 215 3-5.1

1725 268 1736 346 ²}

1727 353 1736 531 l

116 495 199 524 ΒΩ.
216 496 305 523 362.
319 491 474 521 Manlius
514 491 541 520 is
580 491 716 529 brought
753 495 784 521 to
821 492 907 521 trial
941 491 979 531 hy
1017 493 1066 522 M.
1103 493 1313 532 Pomponius,
1359 493 1390 523 Τ
1386 493 1504 523 rilnmc
1543 492 1583 534 (gf

405 542 456 572 tlte
473 542 571 582 plebs,
587 541 649 582 Jbr
671 542 723 572 lzz's
742 543 881 583 scvcrily
907 545 942 573 z'n
969 543 1020 574 lltc
1044 544 1114 583 lizy
1137 544 1208 574 ami
1226 545 1351 584 (ruelly
1374 549 1404 575 to
1426 544 1479 574 ln's
1501 555 1573 575 own

404 604 470 624 son.

129 675 200 707 Ch.
218 675 254 707 4.
289 679 304 707 1
374 665 510 715 Neque
532 679 578 704 eo
598 667 722 704 minus
745 667 934 716 principio
962 668 1195 716 insequentis
1220 668 1321 714 anni,
1346 667 1394 714 Q.
1419 667 1575 705 Servilio

319 730 455 777 Ahala,
484 731 528 769 L.
552 731 726 770 Genucio
755 733 987 779 consulibus,
1017 733 1096 769 dies
1126 732 1276 770 Manlio
1306 734 1438 770 dicitur
1467 745 1489 770 a
1519 732 1574 771 M.

287 795 537 846 2Pomponio
574 798 726 835 tribuno
772 797 905 846 plebis.
973 798 1172 835 Acerbitas
1219 799 1258 835 in
1306 798 1455 845 dilectu,
1495 810 1576 835 non

320 861 462 899 damno
482 862 600 900 modo
620 863 768 909 civium,
791 863 859 899 sed
877 863 991 900 etiam
1012 863 1240 900 laceratione
1260 875 1467 912 corporum
1488 863 1572 910 lata,

319 927 457 976 partim
485 928 598 977 virgis
629 929 760 974 caesis,
794 928 860 976 qui
889 928 937 964 ad
973 928 1132 965 nomina
1163 941 1243 965 non
1278 915 1589 977 respondissents

288 1002 306 1032 3
321 993 458 1041 partim
485 993 523 1030 in
543 993 666 1030 vincla
686 993 818 1039 ductis,
840 993 959 1030 invisa
979 1000 1069 1040 erat,
1092 1000 1128 1030 et
1148 1001 1234 1031 ante
1259 994 1389 1031 omnia
1413 994 1575 1030 invisum

319 1058 444 1106 ipsum
483 1058 680 1108 ingenium
725 1065 833 1095 atrox
873 1070 1170 1107 cognomenque
1209 1058 1421 1107 Imperiosi,
1462 1070 1576 1108 grave

319 1123 458 1161 liberae
487 1124 636 1169 civitati,
663 1125 712 1161 ab
742 1124 995 1162 ostentatione
1025 1124 1201 1160 saevitiae
1231 1124 1430 1170 adscitum,
1460 1135 1575 1172 quam
1730 1126 1736 1155 ἰ

322 1201 402 1226 non
432 1190 555 1238 magis
582 1191 620 1226 in
641 1189 773 1227 alienis
794 1201 910 1239 quam
940 1189 979 1225 in
1009 1189 1195 1238 proximis
1215 1201 1260 1226 ac
1281 1189 1467 1238 sanguine
1495 1189 1577 1238 ipse

289 1263 308 1293 4
323 1266 391 1293 suo
411 1261 613 1292 exerceret.
672 1254 703 1292 C
708 1255 910 1302 riminique
930 1254 963 1291 ei
985 1254 1159 1291 tribunus
1185 1254 1280 1291 inter
1302 1263 1427 1292 cetera
1449 1254 1575 1301 dabat,
1679 1300 1682 1303 Ι

322 1320 427 1370 quod
447 1320 565 1357 filium
586 1320 774 1365 iuvenem,
797 1320 936 1356 nullius
964 1320 1092 1370 probri
1113 1327 1365 1369 compertum,
1387 1326 1577 1357 extorrem
1729 1289 1736 1356 l

5 1402 25 1436 “2
321 1387 427 1431 urbe,
459 1385 589 1430 domo,
621 1385 834 1434 penatibus,
865 1385 960 1430 soro,
991 1385 1087 1430 luce,
1118 1397 1328 1433 congressu
1363 1385 1578 1434 aequalium

321 1451 568 1501 prohibitum,
588 1453 626 1487 in
656 1463 753 1499 opus
784 1450 926 1495 servile,
952 1462 1073 1499 prope
1103 1451 1141 1487 in
1171 1462 1364 1488 carcerem
1395 1458 1509 1500 atque
1539 1450 1578 1486 in

7 1482 11 1526 i
291 1516 558 1566 5ergastulum
598 1516 754 1558 dederit,
793 1516 858 1552 ubi
898 1528 1050 1553 summo
1090 1515 1177 1553 loco
1212 1523 1324 1553 natus
1357 1515 1579 1553 dictatorius

5 1570 27 1667 ψ
323 1583 468 1620 iuvenis
491 1582 713 1631 quotidiana
744 1581 897 1618 miseria
927 1582 1100 1627 disceret,
1122 1594 1207 1619 vere
1238 1581 1444 1630 imperioso
1474 1587 1578 1629 patre

11 1644 29 1702 ᾖ.
293 1653 364 1685 GSe
390 1654 523 1684 natum
543 1659 638 1684 esse.
696 1647 747 1684 At
767 1659 883 1697 quam
905 1648 956 1685 ob
979 1647 1151 1684 noxam?
1209 1645 1310 1692 Quia
1341 1645 1580 1683 infacundior

11 1698 22 1751 l
325 1715 373 1751 sit
392 1720 429 1750 et
455 1713 584 1761 lingua
613 1713 892 1762 impromptus:
924 1712 1028 1762 quod
1059 1717 1215 1749 naturae
1237 1712 1421 1749 damnum
1452 1718 1579 1748 utrum

14 1766 24 1819 {i
324 1778 570 1816 nutriendum
604 1779 712 1828 patri,
742 1779 771 1814 si
805 1779 1012 1826 quicquam
1046 1778 1084 1814 in
1120 1790 1166 1814 eo
1200 1777 1358 1814 humani
1388 1783 1500 1822 esset,
1530 1788 1579 1813 an

15 1817 31 1895 i
325 1844 593 1893 castigandum
613 1856 658 1881 ac
679 1844 878 1881 vexatione
901 1844 1050 1892 insigne
1079 1842 1295 1880 faciendum
1323 1841 1462 1879 fuisse?
1518 1840 1580 1878 Ne

14 1848 26 1958 il
326 1917 452 1948 mutas
481 1909 636 1959 quidem
667 1908 804 1945 bestias
835 1909 962 1946 minus
992 1908 1092 1946 alere
1123 1920 1167 1945 ac
1197 1907 1334 1952 fovere,
1357 1908 1384 1944 si
1415 1907 1506 1956 quid
1533 1918 1580 1944 ex

17 1973 28 2010 lt
297 1977 509 2027 7progenie
539 1988 607 2013 sua
634 1986 770 2024 parum
798 1986 1026 2024 prosperum
1054 1974 1121 2017 sit;
1151 1980 1188 2010 at
1216 1971 1370 2009 hercule
1398 1972 1441 2010 L.
1464 1971 1579 2009 Man-

19 2038 36 2124 i,
326 2041 419 2078 lium
440 2041 584 2078 malum
604 2040 706 2078 malo
727 2052 864 2089 augere
887 2039 949 2076 filii
970 2045 1006 2076 et
1025 2038 1236 2075 tarditatem
1265 2037 1406 2085 ingenii
1428 2037 1581 2086 insuper

19 2074 37 2145 il
327 2119 502 2156 premere
532 2114 579 2152 et,
607 2107 637 2144 si
667 2105 759 2155 quid
785 2105 825 2142 in
855 2117 902 2143 eo
931 2104 1113 2153 exiguum
1144 2102 1325 2140 naturalis
1353 2102 1494 2151 vigoris
1523 2102 1581 2147 sit,

328 2173 367 2209 id
394 2173 634 2221 exstinguere
655 2172 731 2209 vita
759 2170 897 2220 agresti
928 2176 964 2207 et
993 2169 1134 2207 rustico
1164 2167 1267 2206 cultu
1292 2168 1387 2205 inter
1415 2167 1581 2218 pecudes

22 2232 39 2283 il
331 2238 521 2277 habendo.
