1670 2532
243 87 326 126 104
610 83 740 125 LJVy,
770 84 909 116 BOOK
929 84 966 117 V.
989 84 1141 131 53—55.

40 198 122 227 ac.
140 198 231 227 390.
247 190 377 237 Quid?
409 191 439 228 si
467 203 546 228 non
577 189 677 228 Galli
705 190 788 236 hoc,
809 190 876 228 sed
901 197 1045 228 veteres
1074 190 1200 229 hostes
1230 191 1352 237 vestri,
1372 191 1498 240 Aequi

214 252 434 300 7V01scive,
459 256 608 301 faciant,
639 264 679 293 ut
711 256 965 306 commigrent
1001 256 1180 302 Romam,
1207 256 1387 303 velitisne,
1414 257 1500 294 illos

247 320 457 367 Romanos,
479 334 546 359 vos
565 321 747 358 Veientes
767 322 875 358 esse?
905 334 954 358 an
973 322 1110 358 malitis
1135 321 1234 359 hane
1255 322 1500 359 solitudinem

245 395 407 423 vestram
429 399 546 436 quam
567 387 702 423 urbem
721 386 889 423 hostium
909 388 1019 424 esse?
1076 387 1167 425 Non
1184 388 1361 437 equidem
1376 387 1499 433 video,

249 453 340 502 quid
359 453 482 502 magis
501 451 609 489 nefas
629 452 686 489 sit.
745 451 854 489 Haec
875 452 1027 498 scelera,
1048 453 1137 501 quia
1160 453 1263 502 piget
1289 453 1500 498 aedificare,

218 518 343 559 shaec
381 518 569 555 dedecora
605 517 682 566 pati
719 517 838 566 parati
871 518 987 555 estis?
1045 518 1083 555 Si
1117 526 1195 556 tota
1228 519 1321 556 urbe
1354 518 1501 555 nullum

250 583 385 620 melius
411 582 619 631 ampliusve
646 589 789 619 tectum
816 582 894 619 fieri
918 583 1047 632 possit,
1067 595 1184 632 quam
1210 595 1299 621 casa
1327 583 1389 620 illa
1412 595 1501 621 con-

250 648 380 685 ditoris
399 654 455 684 est
475 647 605 693 nostri,
625 660 704 684 non
725 649 762 683 in
783 648 880 685 casis
906 648 977 685 ritu
998 657 1192 698 pastorum
1219 649 1503 698 agrestiumque

249 713 418 750 habitare
449 720 504 750 est
538 713 653 750 satius
682 713 779 749 inter
807 725 912 750 sacra
940 721 1174 764 penatesque
1205 721 1358 751 nostros
1387 725 1503 763 quam

219 791 237 819 9
252 778 466 816 exsulatum
485 778 637 827 publice
657 778 737 815 ire?
794 777 964 816 Maiores
984 780 1116 825 nostri,
1138 791 1332 817 convenae
1358 786 1504 828 pastor-

250 856 377 894 esque,
398 856 517 893 quum
548 844 587 880 in
617 843 675 881 his
705 844 798 882 locis
830 844 922 881 nihil
955 852 1103 894 praeter
1132 845 1242 882 silvas
1270 844 1505 894 paludesque

250 917 359 956 esset,
372 922 512 947 novam
531 910 665 947 urbem
684 917 763 947 tarn
784 911 887 948 brevi
908 911 1153 948 aedificarunt
1165 925 1175 958 ;
1206 923 1287 957 nos,
1302 910 1505 960 Capitolio,

249 987 335 1012 arce
354 975 547 1021 incolumi,
565 976 751 1013 stantibus
771 976 921 1025 templis
941 976 1113 1022 deorum,
1125 977 1324 1014 aedificare
1351 977 1508 1013 incensa
1528 964 1533 967 i

250 1041 378 1090 piget?
412 1047 460 1085 et,
485 1040 590 1089 quod
624 1041 761 1090 singuli
795 1041 928 1078 facturi
963 1041 1116 1087 fuimus,
1144 1042 1175 1079 si
1209 1042 1324 1079 aedes
1355 1048 1507 1078 nostrae

251 1105 536 1155 deflagrassent‚
557 1106 630 1144 hoc
657 1106 695 1143 in
721 1106 876 1156 publico
901 1107 1080 1144 incendio
1105 1107 1268 1144 universi
1288 1117 1509 1144 recusamus

252 1169 375 1207 facere
389 1172 402 1208 ?

84 1267 156 1300 Ch,
175 1266 239 1299 54,
253 1265 261 1279 ‘
273 1264 342 1294 Arc
357 1268 413 1294 nol
428 1264 480 1295 tlte
496 1265 589 1295 river
603 1265 674 1295 and
684 1266 736 1296 the
752 1266 830 1296 lzills
845 1266 916 1296 and
927 1265 980 1296 tlzc
994 1276 1046 1296 sca
1064 1276 1149 1296 mort·
1165 1265 1247 1296 than
1263 1265 1316 1296 tlte
1332 1264 1427 1295 walls
1442 1263 1514 1294 and

340 1315 473 1346 limbcrs
488 1316 597 1357 asom·
612 1318 677 1357 city
688 1317 703 1348 ?
753 1318 818 1348 lee
831 1317 972 1358 serlum
988 1317 1095 1348 wllz'clz
1118 1317 1177 1347 llas
1196 1317 1285 1348 stood
1301 1327 1334 1348 so
1355 1317 1433 1357 long
1449 1325 1510 1346 can

342 1377 441 1398 never
456 1367 489 1398 be
511 1367 756 1408 transplaulcd.‘

227 1442 244 1473 1
314 1437 323 1453 ‘
338 1433 442 1480 Quid
461 1435 642 1472 tandem?
673 1436 702 1472 si
722 1435 864 1481 fraude,
881 1436 911 1473 si
927 1448 1016 1472 casu
1029 1435 1135 1473 Veiis
1151 1435 1369 1473 incendium
1385 1442 1511 1473 ortum

259 1499 316 1545 sit,
337 1506 539 1549 ventoque,
559 1508 600 1536 ut
626 1499 705 1537 fieri
730 1507 865 1549 potest,
887 1501 1023 1537 diffusa
1043 1501 1199 1537 flamma
1219 1512 1400 1549 magnam
1426 1511 1512 1548 par-

259 1571 336 1602 tem
357 1565 460 1602 urbis
480 1565 668 1610 absumat,
682 1564 846 1602 Fidenas
866 1566 953 1603 inde
969 1573 1033 1602 aut
1050 1566 1197 1603 Gabios
1217 1566 1374 1603 aliamve
1395 1575 1512 1614 quam

228 1636 247 1666 2
261 1631 395 1667 urbem
416 1631 621 1680 quaesituri
643 1643 786 1676 sumus,
807 1643 884 1680 quo
904 1633 1242 1681 transmigremus?
1290 1631 1401 1668 Adeo
1421 1629 1514 1666 nihil

260 1703 363 1734 tenet
390 1696 514 1734 solum
541 1697 683 1746 patriae
710 1709 781 1734 nec
807 1697 901 1734 haec
929 1704 1035 1743 terra,
1057 1710 1173 1747 quam
1200 1704 1361 1734 matrem
1385 1695 1514 1746 appel—

258 1762 394 1807 lamus,
424 1761 491 1799 sed
525 1762 563 1798 in
601 1762 796 1812 superficie
827 1763 1016 1812 tignisque
1049 1763 1185 1800 caritas
1222 1763 1334 1800 nobis
1370 1761 1514 1811 patriae

230 1827 428 1877 3pendet?
489 1827 680 1878 Equidem
718 1827 882 1877 (fatebor
921 1829 1039 1873 vobis,
1075 1828 1142 1865 etsi
1187 1828 1313 1864 minus
1356 1826 1514 1864 iniuriae

261 1900 405 1930 vestrae
434 1905 551 1942 quam
576 1890 720 1945 [meae]
749 1893 971 1930 calamitatis
999 1893 1218 1930 meminisse
1248 1891 1364 1942 iuvat)
1393 1903 1514 1941 quum

260 1959 449 2004 abessem,
479 1959 784 2008 quotiescunque
817 1959 936 2008 patria
967 1958 1006 1994 in
1039 1965 1208 1995 mentem
1240 1958 1394 2003 veniret,
1420 1957 1515 1994 haec

261 2025 391 2061 omnia
417 2025 677 2069 occurrebant,
699 2024 816 2061 colles
842 2023 1042 2073 campique
1067 2031 1103 2060 et
1127 2023 1280 2061 Tiberis
1303 2030 1340 2060 et
1363 2030 1516 2061 assueta

262 2089 382 2126 oculis
413 2089 518 2138 regio
551 2097 587 2126 et
620 2089 692 2126 hoc
726 2088 885 2133 caelum,
910 2089 981 2125 sub
1012 2100 1088 2136 quo
1117 2096 1228 2125 natus
1257 2089 1515 2136 educatusque

263 2166 409 2200 cssem3
445 2166 543 2203 quae
570 2166 648 2197 vos,
671 2153 850 2200 Quirites,
871 2165 973 2190 nunc
1001 2160 1178 2190 moveant
1207 2153 1334 2202 potius
1363 2154 1515 2190 caritate

263 2231 341 2265 sua,
372 2226 413 2256 ut
455 2219 641 2257 maneatis
683 2219 722 2256 in
766 2219 855 2257 sede
888 2226 1022 2264 vestra,
1054 2230 1171 2269 quam
1218 2227 1364 2268 postea,
1396 2230 1516 2269 quum
