1736 2521
367 111 449 151 206
698 117 828 158 LJVY,
860 117 999 149 BOOK
1022 117 1100 149 Vll.
1127 109 1278 164 28-30.

160 224 493 274 n.c.a4⁵.populi
532 223 700 262 Romani
737 223 953 261 faciendam
993 223 1112 261 creari
1152 223 1283 268 iussit;
1317 222 1426 260 locus
1463 222 1502 259 in
1537 235 1621 261 arce

364 290 582 336 destinatus,
609 302 708 339 quae
729 301 817 326 area
841 289 994 326 aedium
1016 288 1070 326 M.
1094 288 1230 326 Manlii
1255 288 1462 338 Capitolini
1490 287 1620 325 suerat.

332 363 350 391 6
366 355 554 394 Consules
575 355 768 393 dictatoris
789 355 956 392 exercitu
977 354 1025 392 ad
1046 355 1188 391 bellum
1200 354 1384 392 Volscum
1404 355 1461 391 usi
1484 353 1620 391 Soram

365 434 411 458 ex
432 420 616 466 hostibus,
649 421 824 457 incautos
854 419 988 466 adorti,
1021 426 1213 468 ceperunt.
1269 420 1387 457 Anno
1416 425 1621 468 postquam

364 494 451 524 vota
489 493 579 531 erat,
621 485 735 522 aedes
767 484 950 522 Monetae
983 484 1190 531 dedicatur,
1231 484 1275 523 C.
1310 484 1460 522 Marcio
1492 483 1621 521 Rutilo

163 559 246 587 nc.
262 560 350 587 344.
366 552 526 597 tertium,
561 550 610 588 T.
643 549 792 587 Manlio
827 550 1032 599 Torquato
1063 551 1200 587 iterum
1235 550 1469 588 consulibus.
1527 547 1620 586 Pro-

331 621 348 653 7
364 613 509 662 digium
547 612 740 661 extemplo
780 611 1061 649 dedicationem
1095 619 1278 658 secutum,
1319 611 1441 648 simile
1472 617 1620 648 vetusto

362 679 503 715 montis
524 678 664 715 Albani
685 677 862 727 prodigio
878 690 886 723 ;
917 689 1085 726 namque
1107 685 1143 715 et
1163 677 1352 732 lapidibus
1370 676 1464 732 pluit
1483 683 1521 713 et
1541 686 1619 712 nox

362 743 524 780 interdiu
544 743 622 780 visa
642 742 786 779 intendi
803 756 812 789 ;
843 741 1023 792 librisque
1050 742 1240 790 inspectis,
1263 753 1382 791 quum
1403 741 1517 790 plena
1537 740 1619 777 reli-

363 808 478 856 gione
517 808 648 846 civitas
683 815 793 853 esset,
826 807 975 845 senatui
1005 807 1158 856 placuit,
1190 807 1411 844 dictatorern
1444 806 1619 843 feriarum

364 873 720 911 constituendarum
752 885 870 911 causa
903 872 989 910 dici.
1046 871 1182 910 Dictus
1214 871 1256 909 P.
1281 871 1459 909 Valerius
1493 870 1620 908 Publi-

333 948 350 977 8
365 939 471 984 cola;
502 939 684 988 magister
705 939 876 988 equitum
898 937 931 975 ei
953 937 1003 984 Q.
1024 937 1167 974 Fabius
1187 937 1401 974 Ambustus
1421 937 1532 974 datus
1553 943 1619 974 est.

365 1004 456 1042 Non
477 1005 596 1042 tribus
626 1012 774 1041 tantum
805 1003 1060 1053 supplicatum
1086 1003 1135 1040 ire
1166 1003 1319 1052 placuit,
1342 1003 1409 1040 sed
1439 1002 1620 1039 finitimos

364 1070 478 1107 etiam
502 1071 678 1120 populos,
701 1070 873 1119 ordoque
894 1070 949 1115 iis,
973 1081 1050 1119 quo
1075 1069 1237 1118 quisque
1261 1068 1321 1105 die
1352 1068 1619 1117 supplicarent,

332 1143 535 1173 astatutus.
573 1123 739 1173 'Iudicia
778 1148 824 1173 eo
863 1146 966 1172 anno
998 1134 1129 1184 populi
1161 1133 1279 1170 tristia
1309 1134 1347 1170 in
1391 1132 1620 1170 feneratores

366 1200 475 1247 sacta,
497 1203 634 1250 quibus
664 1202 713 1238 ab
742 1201 926 1238 aedilibus
957 1200 1056 1237 dicta
1086 1199 1168 1236 dies
1197 1205 1308 1245 esset,
1330 1199 1552 1244 traduntur;
1583 1205 1619 1235 et

364 1279 434 1312 res,
455 1266 558 1304 haud
579 1266 654 1303 ulla
667 1267 807 1315 insigni
821 1266 869 1303 ad
886 1266 1113 1303 memoriam
1135 1276 1264 1310 causa,
1287 1264 1335 1301 ad
1358 1264 1619 1313 interregnum

312 1338 351 1368 10
366 1331 485 1369 rediit.
541 1330 600 1368 Ex
632 1331 861 1379 interregno,
893 1337 934 1367 ut
964 1330 1002 1366 id
1032 1337 1161 1367 actum
1190 1329 1308 1366 videri
1337 1335 1479 1378 posset.
1503 1328 1619 1365 arnbo

364 1396 512 1445 patricii
538 1396 716 1433 consules
743 1396 857 1432 creati
885 1402 983 1440 sunt,
1013 1394 1068 1431 M.
1091 1395 1267 1432 Valerius
1289 1393 1434 1432 Corvus
1455 1393 1616 1438 tertium,

363 1461 411 1498 A.
433 1461 634 1498 Cornelius
656 1460 812 1499 Cossus.

162 1550 244 1579 B.C.
262 1551 382 1587 343.§
404 1556 431 1579 1.
464 1548 496 1578 T
491 1547 544 1578 lzz's
560 1558 646 1587 year
668 1547 776 1587 begins
801 1547 852 1578 tlzc
872 1547 990 1588 period
1011 1547 1051 1588 of
1070 1547 1122 1577 llic
1147 1551 1244 1587 grcat
1272 1545 1343 1576 and
1369 1545 1495 1576 distant
1521 1555 1618 1579 wars,

448 1599 531 1630 with
571 1599 745 1637 Samnites,
781 1599 944 1638 Pyrrhus,
977 1598 1047 1628 and
1076 1597 1188 1634 l’ocm',
1221 1597 1327 1627 which
1359 1596 1459 1627 taxcd
1491 1594 1619 1627 Romc's

441 1656 570 1692 jowcrs
599 1655 629 1682 lo
660 1651 712 1681 the
744 1655 872 1682 ulmosl.
943 1653 1008 1689 §4
1042 1649 1107 1680 Tltc
1138 1648 1292 1686 Sidicini,
1325 1647 1473 1678 allackcd
1499 1647 1538 1687 hy
1567 1647 1619 1678 tlte

449 1702 625 1738 Sannum,
637 1703 753 1743 aspcal
766 1707 796 1732 lo
811 1702 863 1732 llic
882 1701 1121 1742 Campaniam,
1135 1699 1207 1730 who
1223 1700 1323 1738 bring
1335 1699 1420 1730 them
1437 1698 1502 1729 aid.
1554 1699 1619 1729 The

448 1754 614 1784 Samnites
637 1754 739 1794 dista!
762 1754 814 1784 lla:
840 1752 1074 1793 Campaniam,
1099 1756 1214 1791 orcuj’y
1239 1751 1351 1792 Tifata
1375 1750 1469 1781 above
1491 1751 1617 1791 Capua,

448 1806 518 1836 and
530 1805 624 1836 drivc
638 1806 723 1836 them
742 1805 811 1835 into
827 1805 878 1835 the
893 1805 965 1844 city.
1019 1804 1105 1843 They
1119 1803 1236 1844 appeal
1247 1807 1277 1833 to
1294 1803 1403 1833 Rome.

149 1875 220 1908 Ch,
238 1875 301 1909 29,
333 1879 349 1908 1
418 1866 570 1904 Maiora
596 1868 672 1904 iam
699 1867 788 1904 hinc
813 1866 910 1903 bella
934 1873 970 1902 et
991 1866 1130 1902 viribus
1153 1864 1320 1901 hostiurn
1342 1871 1378 1900 et
1398 1863 1617 1913 longinqui-

364 1939 437 1970 tate
458 1933 515 1969 vel
535 1932 736 1980 regionum
757 1931 814 1968 vel
834 1939 1052 1980 temporum
1076 1926 1250 1981 [spati0]‚
1272 1929 1410 1978 quibus
1435 1929 1618 1966 bellatum

363 2005 430 2043 est,
451 1998 636 2035 dicentur.
696 1995 878 2046 Namque
899 2007 945 2033 eo
971 2007 1074 2032 anno
1099 1995 1278 2032 adversus
1301 1994 1502 2040 Samnites,
1523 2006 1618 2043 gen-

332 2071 439 2102 2tem
474 2063 613 2112 opibus
651 2062 842 2111 armisque
876 2061 1052 2109 validam,
1085 2068 1191 2098 mota
1229 2072 1337 2097 arma
1349 2073 1357 2106 ;
1391 2059 1618 2097 Samnitium

363 2128 507 2164 bellum
535 2127 690 2176 ancipiti
725 2126 849 2164 Marte
882 2134 1032 2175 gestum
1065 2125 1232 2174 Pyrrhus
1263 2124 1394 2170 hostis,
1430 2124 1617 2174 Pyrrhum

363 2192 483 2230 Poeni
511 2193 638 2230 secuti.
697 2191 852 2238 Quanta
880 2203 1006 2229 rerum
1034 2190 1175 2228 moles!
1206 2191 1356 2239 quoties
1382 2190 1420 2227 in
1447 2197 1617 2227 extrema

362 2258 618 2307 periculorum
646 2264 812 2302 ventum,
833 2263 873 2293 ut
901 2257 940 2293 in
969 2255 1070 2294 hanc
1097 2255 1415 2304 magnitudinem,
1436 2267 1534 2305 quae
1555 2255 1616 2291 vix

1722 1485 1736 2055 i
