1637 2554
263 122 314 155 M.
347 121 592 153 VALERIUS
624 122 657 152 Τ
653 121 724 152 llE
754 122 851 153 ΓΕΑ
861 122 1136 156 CE-MAKER.
1248 127 1269 156 2
1278 128 1299 157 2
1303 124 1328 168 5

71 226 210 264 mulsit.
267 226 454 264 Nondum
474 234 581 264 crant
605 235 683 264 tam
708 227 822 265 sortes
843 228 890 265 ad
915 230 1142 277 sanguinem
1165 230 1324 275 civilem,
1339 241 1422 270 ac.
1438 242 1529 271 342.

71 303 142 328 nec
178 296 324 338 praeter
353 298 509 326 externa
538 297 722 327 noverant
751 291 848 327 bella
876 291 1084 340 ultimaque
1113 293 1237 329 rabies
1267 294 1357 329 se-2

71 355 193 393 cessio
224 356 272 392 ab
297 355 374 392 suis
399 355 610 392 habebatur
626 368 634 401 ;
665 356 791 406 itaque
818 356 895 392 iam
924 356 1053 402 duces,
1081 358 1157 394 iam
1187 358 1325 395 milites

70 421 247 469 utrinque
286 432 516 468 congressus
561 432 742 469 quaerere
781 433 825 458 ac
865 421 1066 470 colloquia,
1108 421 1356 469 Quinctius‚3

70 497 185 534 quem
214 497 410 523 armorum
438 486 552 523 etiam
576 498 644 534 pro
674 487 795 535 patria
823 487 975 523 satietas
1000 494 1154 533 teneret,
1180 488 1324 525 nedum

69 551 249 588 adversus
275 551 446 600 patriam,
469 550 616 588 Corvus
643 563 777 588 omnes
803 552 956 588 caritate
980 552 1090 598 cives,
1119 553 1324 602 praecipue

69 616 205 653 milites
234 624 271 653 et
299 623 386 653 ante
410 616 504 653 alios
532 628 644 652 suurn
673 617 882 653 exercitum
911 617 1146 665 complexus.
1203 618 1246 655 Is
1275 619 1325 656 ad

69 681 304 731 colloquium
330 682 525 730 processit.
583 680 752 729 Cognito
778 681 811 718 ei
839 682 1033 731 extemplo
1054 682 1157 720 haud
1177 685 1357 724 minore4

67 747 117 784 ab
145 746 367 784 adversariis
387 747 615 783 verecundia
641 758 758 795 quam
785 748 834 784 ab
858 748 935 784 suis
965 747 1155 785 silentium
1181 749 1324 788 datum.

68 811 197 849 ‘Deos
211 812 219 825 '
242 812 375 861 inquit,
391 815 399 830 ‘
413 812 656 856 immortales,
678 812 826 857 milites,
841 820 984 850 vestros
1004 813 1177 862 publicos
1197 827 1325 852 meos-

67 889 154 926 que,
177 878 226 914 ab
249 877 343 919 urbe
372 877 621 926 proficiscens
647 877 698 913 ita
727 877 880 915 adoravi
907 879 1132 928 veniamque
1163 879 1323 929 supplex

66 943 238 993 poposci,
261 950 302 979 ut
327 942 421 978 mihi
441 942 487 979 de
508 943 616 979 vobis
636 943 865 981 concordiae
888 951 1018 993 partae
1047 945 1220 992 gloriam,
1242 957 1323 982 non

65 1009 264 1046 victoriam
304 1008 447 1046 darent.
506 1007 604 1046 Satis
641 1007 710 1045 suit
748 1009 902 1058 eritque,
941 1009 1044 1046 unde
1082 1010 1167 1047 belli
1208 1010 1354 1050 decus5

66 1074 255 1123 pariatur;
285 1073 374 1110 hinc
403 1085 480 1122 pax
506 1074 671 1122 petenda
701 1081 765 1111 est.
823 1073 941 1120 Quod
971 1075 1064 1112 deos
1089 1075 1323 1112 immortales

66 1139 162 1176 inter
181 1138 445 1188 nuncupanda
464 1145 552 1175 vota
572 1140 795 1188 expoposci,
817 1140 897 1177 eius
920 1152 982 1177 me
1003 1148 1224 1189 compotem
1245 1141 1322 1178 voti

66 1216 134 1242 vos
149 1203 273 1241 facere
292 1204 466 1252 potestis,
489 1204 519 1240 si
539 1204 759 1242 meminisse
772 1205 891 1251 mltis,
914 1218 994 1243 non
1014 1217 1081 1242 vos
1102 1207 1141 1243 in
1164 1206 1321 1243 Samnio
1336 1215 1354 1244 6

66 1282 137 1308 nec
158 1270 198 1306 in
217 1269 380 1316 Volscis,
404 1269 472 1306 sed
490 1270 530 1306 in
551 1269 732 1307 Romano
759 1271 842 1308 solo
866 1278 989 1308 castra
1013 1271 1164 1318 habere,
1188 1272 1218 1309 si
1239 1271 1322 1308 illos

66 1336 194 1381 colles,
212 1347 311 1385 quos
331 1335 493 1381 cernitis,
513 1336 656 1384 patriae
669 1343 814 1373 vestrae
829 1349 922 1382 esse,
939 1338 968 1374 si
989 1337 1091 1374 hunc
1113 1337 1322 1375 exercitum

65 1401 204 1439 civium
231 1407 453 1447 vestrorum,
485 1401 515 1438 si
548 1413 611 1438 me
639 1401 837 1439 consulem
860 1409 1035 1449 vestrum,
1067 1403 1174 1440 cuius
1204 1402 1322 1439 ductu

65 1466 313 1516 auspicioque
341 1466 465 1515 priore
491 1478 595 1503 anno
621 1467 676 1503 bis
706 1466 876 1515 legiones
907 1467 1132 1505 Samnitium
1160 1467 1320 1513 fudistis,

65 1533 125 1569 bis
163 1539 287 1570 castra
319 1532 354 1569 vi
392 1532 553 1581 cepistis.
611 1531 697 1581 Ego
735 1545 820 1570 sum
859 1533 913 1571 M.
945 1533 1121 1572 Valerius
1160 1534 1354 1579 Corvus?

65 1597 214 1643 milites,
254 1597 360 1634 cuius
393 1609 461 1634 vos
499 1597 735 1634 nobilitatem
773 1598 967 1636 beneficiis
1005 1612 1095 1648 erga
1127 1612 1205 1645 vos,
1241 1611 1322 1636 non

67 1662 209 1699 iniuriis
248 1662 425 1705 sensistis,
461 1661 599 1698 nullius
639 1663 825 1710 superbae
864 1662 904 1698 in
936 1674 1004 1699 vos
1043 1662 1149 1710 legis,
1185 1662 1323 1699 nullius

66 1726 228 1764 crudelis
247 1734 400 1765 senatus
420 1726 583 1764 consulti
607 1734 751 1772 auctor,
775 1727 814 1763 in
833 1727 1012 1764 omnibus
1037 1728 1133 1763 meis
1156 1727 1324 1776 imperiis

66 1791 107 1828 in
127 1803 189 1829 me
210 1793 373 1830 severior
393 1804 511 1842 quam
534 1793 574 1828 in
594 1804 672 1829 vos.
730 1793 789 1829 Ac
816 1792 846 1829 si
866 1792 927 1828 cui
955 1804 1087 1840 genus,
1112 1792 1141 1828 si
1168 1792 1227 1829 cui
1255 1796 1354 1829 sua8

66 1856 195 1904 virtus,
236 1858 267 1894 si
304 1858 367 1895 cui
405 1859 520 1895 etiam
557 1858 748 1903 maiestas,
790 1857 820 1894 si
860 1857 921 1894 cui
958 1856 1124 1894 honores
1162 1856 1322 1894 subdere

67 1922 218 1970 spiritus
251 1930 466 1972 potuerunt,
498 1923 542 1960 iis
572 1935 677 1960 eram
705 1929 826 1968 natus,
858 1922 897 1958 id
927 1922 1124 1971 specimen
1151 1922 1227 1959 mei
1257 1921 1323 1959 de-

67 1985 209 2034 deram,
232 2000 277 2025 ea
306 1995 426 2026 aetate
455 1989 698 2026 consulatum
727 1987 887 2037 adeptus
916 2000 1031 2034 eram,
1063 1994 1103 2024 ut
1132 1987 1324 2036 potuerim

65 2057 142 2089 tres
168 2059 205 2089 et
224 2053 354 2101 viginti
383 2066 507 2091 annos
535 2060 646 2090 natus
675 2053 809 2090 consul
830 2053 1002 2102 patribus
1032 2064 1186 2102 quoque
1213 2051 1322 2090 ferox

67 2128 163 2164 esse,
195 2130 275 2155 non
306 2119 430 2156 solum
462 2120 576 2169 plebi.
635 2118 753 2165 Quod
783 2130 914 2155 meum
950 2119 1093 2156 factum
1132 2119 1354 2157 dictumve9

68 2183 236 2220 consulis
266 2184 417 2232 gravius
447 2197 563 2234 quam
597 2184 737 2221 tribuni
771 2184 952 2221 audistis?
1009 2184 1161 2222 Eodem
1193 2192 1323 2223 tenore

69 2246 146 2285 duo
174 2248 418 2299 insequentes
446 2249 667 2289 consulatus
695 2250 807 2298 gessi,
829 2250 968 2288 eodem
991 2250 1086 2289 haec
1116 2251 1323 2301 imperiosa

687 2328 708 2354 Ρ
