1637 2554
395 117 623 149 CAPTURE
656 117 719 148 OF
742 116 1010 149 SATRJCL'M.
1247 118 1326 159 117

71 225 215 263 bellum
253 223 469 268 afferamus,
509 234 607 272 quae
655 222 694 259 in
741 222 866 271 priora
915 221 1120 266 attulimus,
1161 219 1327 258 eundem
1342 227 1528 256 Basse.

71 297 250 328 eventum
288 288 374 326 belli
413 295 692 337 exspectemus.
753 287 873 324 Simul
913 286 1194 331 concurreritis,
1224 285 1328 335 quod

71 356 232 405 quisque
271 354 401 392 didicit
439 366 483 391 ac
522 353 732 399 consuevit,
771 352 907 390 saciet:
958 364 1025 390 vos
1063 351 1232 396 vincetis,
1278 351 1328 387 illi

71 419 239 458 suffientl
959 405 1334 433 ‘N-

93 452 228 493 2...-

74 517 90 552 ξ
112 522 138 544 1.
166 513 327 545 Camillus
353 512 438 543 lcads
464 511 516 542 ln's
542 516 648 552 troops
670 522 711 542 on
729 511 810 553 soot,
836 511 906 542 and
927 511 1012 542 wius
1034 521 1054 541 a
1073 514 1169 551 great
1194 510 1328 549 victory.
1345 515 1418 549 Ch,
1435 516 1473 549 8,

161 568 177 602 §
196 564 226 595 8.
257 565 288 595 T
284 565 321 595 lte
337 564 457 595 Latius
471 563 542 593 and
554 563 745 594 Hcrnicans
761 568 878 594 return
895 563 993 599 home,
1011 562 1083 592 and
1094 562 1146 592 tlte
1165 561 1330 592 Volscians

158 616 229 647 take
245 615 354 657 refuge
370 616 407 646 in
425 615 614 646 Satricum:
638 614 695 645 bul
713 615 877 646 Camillus
892 614 978 645 takes
993 613 1045 644 the
1061 618 1158 644 town.

127 685 231 722 Dato
260 684 397 722 deinde
428 684 539 733 signo
559 696 606 721 ex
628 695 728 732 equo
758 683 880 721 desilit
907 691 944 721 et
970 683 1188 732 proximum
1213 682 1327 732 signi·
1344 693 1362 722 1

74 752 198 790 serum
217 763 335 788 manu
355 758 547 799 arreptum
564 762 695 787 secum
711 750 750 787 in
766 749 916 788 hostem
932 749 1041 799 rapit,
1056 748 1190 794 ‘Infer,
1204 748 1327 786 miles'

74 817 283 861 clamitans,
307 814 503 865 ‘signum'
563 814 680 861 Quod
709 816 773 852 ubi
803 815 928 853 videre
958 816 1083 865 ipsum
1112 814 1361 859 Camillum-2,

74 883 151 919 iam
180 881 229 919 ad
257 891 417 918 munera
446 881 616 930 corporis
639 888 792 918 senecta
819 881 1038 925 invalidum,
1058 879 1261 917 vadentem
1289 879 1328 915 in

75 948 215 992 hostes,
256 953 483 996 procurrunt
523 947 661 995 pariter
690 958 826 984 omnes
856 946 1020 984 clamore
1051 945 1211 991 sublato,
1237 944 1328 982 ‘Se-

76 1025 194 1062 quere
216 1012 484 1061 imperatorem
499 1011 508 1025 ’
528 1024 598 1061 pro
620 1024 658 1049 se
679 1012 840 1061 quisque
862 1012 1080 1049 clamantes.
1137 1010 1330 1048 Emissum
1343 1021 1362 1051 3

75 1078 192 1114 etiam
213 1077 362 1126 signum
380 1077 529 1114 Camilli
550 1077 654 1115 iussu
674 1078 712 1114 in
732 1077 898 1115 hostium
918 1077 1039 1114 aciem
1061 1076 1195 1121 ferunt,
1217 1076 1330 1126 idque

76 1150 117 1180 ut
133 1149 371 1192 repeteretur,
389 1143 601 1180 concitatos
621 1142 892 1191 antesignanos
906 1155 915 1187 ;
937 1142 986 1179 ibi
1000 1143 1166 1191 primum
1178 1138 1330 1190 pulsum
1343 1149 1361 1179 4

76 1208 283 1254 Antiatem,
305 1214 562 1257 terroremque
592 1220 671 1245 non
691 1208 729 1244 in
749 1208 913 1256 primam
933 1214 1082 1244 tanturn
1107 1207 1240 1252 aciem,
1263 1206 1331 1243 sed

77 1273 192 1310 etiam
215 1272 263 1309 ad
283 1273 528 1310 subsidiarios
558 1272 756 1322 perlatum.
814 1271 898 1310 Nec
918 1272 972 1309 vis
992 1279 1139 1309 tantum
1167 1272 1361 1311 militum5

76 1338 264 1383 movebat,
295 1337 458 1375 excitata
487 1331 700 1387 praesentia
730 1337 847 1383 ducis,
879 1337 945 1374 sed
975 1337 1079 1386 quod
1099 1336 1331 1374 Volscorum

78 1403 215 1439 animis
253 1402 344 1440 nihil
382 1403 581 1440 terribilius
619 1410 699 1439 erat
739 1413 857 1450 quam
894 1402 1011 1451 ipsius
1050 1401 1199 1439 Camilli
1238 1401 1331 1439 forte

78 1467 206 1505 oblata
243 1468 411 1516 species;
454 1468 517 1514 ita,
552 1480 783 1517 quocunque
823 1479 862 1504 se
902 1467 1096 1513 intulisset,
1135 1467 1364 1504 xictoriame

77 1545 207 1570 secum
235 1532 338 1570 haud
368 1533 524 1570 dubiam
553 1533 736 1570 trahebat.
795 1532 968 1570 Maxime
1002 1533 1041 1569 id
1071 1532 1225 1570 evidens
1254 1532 1331 1577 suit,

77 1609 198 1647 quum
218 1598 256 1635 in
277 1598 426 1636 laevum
446 1611 566 1637 cornu
585 1611 704 1649 prope
733 1599 810 1636 iam
830 1598 983 1648 pulsum
1003 1606 1154 1647 arrepto
1178 1605 1333 1648 repente

77 1675 178 1713 equo
199 1675 289 1700 cum
309 1671 417 1701 scuto
436 1664 600 1713 pedestri
621 1664 799 1701 advectus
821 1670 1031 1713 conspectu
1052 1676 1123 1701 suo
1146 1664 1332 1713 proelium

78 1729 246 1774 restituit,
267 1736 462 1766 ostentans
483 1730 699 1767 vincentem
722 1735 892 1767 ceteram
921 1730 1054 1766 aciem.
1112 1728 1196 1765 Iam
1226 1729 1332 1766 incli-
1346 1734 1364 1767 7

78 1801 167 1831 nata
195 1806 254 1831 res
282 1801 374 1839 erat,
396 1795 462 1832 sed
491 1796 601 1832 turba
628 1794 798 1833 hostium
817 1802 854 1832 et
874 1794 1005 1844 fugam
1033 1795 1277 1844 impediebat,
1297 1802 1333 1832 et

77 1859 196 1909 longa
223 1859 340 1897 caede
368 1860 608 1898 conficienda
636 1861 841 1898 multitudo
861 1867 968 1897 tanta
990 1860 1093 1898 fesso
1114 1860 1222 1896 militi
1242 1868 1332 1906 erat,

79 1937 198 1974 quum
228 1933 382 1974 repente
416 1926 635 1974 ingentibus
673 1926 852 1976 procellis
885 1926 992 1964 fusus
1030 1927 1154 1964 imber
1191 1934 1333 1964 certam

80 1991 205 2039 magis
232 1991 428 2028 victoriam
463 2003 580 2040 quam
610 1991 797 2040 proelium
826 1991 986 2029 diremit.
1045 1991 1165 2041 Signo
1196 1991 1366 2029 deinde8

79 2056 247 2104 receptui
275 2056 376 2102 dato,
398 2068 477 2094 nox
497 2057 670 2093 insecuta
701 2057 837 2106 quietis
858 2056 1048 2094 Romanis
1077 2056 1233 2107 perfecit
1255 2057 1335 2094 bel-

81 2120 171 2157 lum.
198 2152 201 2154 .
228 2120 352 2158 Latini
383 2133 550 2170 namque
584 2128 620 2159 et
652 2121 812 2159 Hernici
845 2122 984 2160 relictis
1012 2122 1166 2160 Volscis
1198 2123 1335 2160 domos

80 2185 241 2235 profecti
259 2193 358 2232 sunt,
380 2186 489 2224 malis
509 2187 674 2224 consiliis
702 2199 814 2236 pares
837 2187 965 2236 adepti
991 2195 1173 2234 eventus,
1203 2188 1366 2226 Volsci9

80 2251 146 2289 ubi
166 2263 205 2290 se
225 2251 395 2290 desertos
415 2252 464 2289 ab
483 2252 537 2289 eis
551 2251 689 2299 videre,
707 2264 873 2302 quorum
892 2252 1033 2290 fiducia
1049 2253 1333 2300 rebellaverant,
