1637 2554
414 141 514 173 THE
544 141 778 173 BURNJNG
808 141 872 173 OF
895 141 1050 173 ROME.
1312 131 1364 184 89

103 248 256 286 caritate
278 247 410 286 sedum
431 260 583 286 suarum
604 248 749 286 obsessi
769 253 936 297 possent,
957 253 994 284 et
1017 259 1096 284 non
1117 246 1247 284 omnia
1268 259 1359 284 con·
1376 259 1459 288 nc.
1479 259 1567 287 390.

103 314 261 351 cremari
290 320 399 360 tecta,
419 321 471 360 ut,
492 313 749 363 quodcunque
776 319 989 362 superesset
1018 312 1132 357 urbis,
1154 312 1191 348 id
1220 312 1392 361 pignus‘2

103 379 152 415 ad
199 379 407 416 flectendos
454 379 620 416 hostiurn
667 379 818 416 animos
869 378 1066 422 haberent,
1114 389 1360 426 nequaquam

102 444 258 493 perinde
279 451 391 493 atque
411 445 449 481 in
476 450 587 493 capta
606 444 699 480 urbe
728 444 851 492 prima
872 443 931 480 die
952 450 1015 480 aut
1035 443 1179 492 passim
1205 449 1268 479 aut
1288 442 1362 479 late

103 516 260 558 vagatus
279 516 335 546 est
354 510 462 558 ignis.
518 508 687 546 Romani
703 521 749 545 ex
770 521 854 546 arce
868 508 1022 562 plenam
1043 508 1209 545 hostium
1223 509 1356 545 urbem
1374 513 1393 541 3

102 581 301 611 cernentes
333 586 526 624 vagosque
557 586 625 623 per
658 574 737 611 vias
776 586 912 611 omnes
954 585 1096 619 cursus,
1131 585 1249 623 quum
1289 572 1360 609 alia
1417 562 1430 566 “

103 646 216 687 atque
238 639 309 676 alia
329 646 435 688 parte
455 651 555 676 nova
576 639 702 688 aliqua
721 639 848 676 clades
869 646 1048 684 oreretur,
1070 651 1149 676 non
1169 638 1362 675 mentibus

103 704 226 741 solum
247 705 456 753 consipere,
478 704 545 741 sed
564 717 612 741 ne
638 705 792 741 auribus
812 704 966 752 quidem
994 712 1107 754 atque
1134 704 1253 741 oculis
1273 703 1362 741 satis

103 776 276 807 constare
296 776 482 819 poterant.
540 769 783 819 Quocunque
804 770 948 807 clamor
962 769 1139 814 hostiurn,
1156 769 1357 806 mulierum
1374 773 1392 803 4

102 847 386 884 puerorumque
406 835 587 884 ploratus,
604 836 751 873 sonitus
771 835 950 872 flammae
970 843 1006 872 et
1027 835 1154 884 fragor
1169 834 1360 872 ruentium

103 907 289 937 tectorum
312 901 516 951 Qtisset‚
537 907 718 950 paventes
749 901 797 937 ad
822 901 952 938 omnia
976 901 1126 938 animos
1154 912 1297 950 oraque
1326 906 1363 936 et

104 965 236 1003 oculos
267 965 481 1012 flectebant,
511 967 610 1003 velut
640 966 689 1003 ad
723 966 983 1015 spectaculum
1017 979 1039 1003 a
1068 966 1220 1004 fortuna
1248 965 1362 1015 positi

104 1030 309 1068 occidentis
329 1028 472 1080 patriae
499 1044 569 1069 nec
589 1032 698 1069 ullius
727 1044 853 1069 rerum
878 1044 1032 1069 suarum
1058 1032 1174 1069 relicti
1194 1038 1361 1081 praeter-

103 1108 218 1145 quam
239 1109 442 1145 corporum
459 1097 634 1143 vindices,
651 1105 758 1135 tanto
778 1105 865 1135 ante
886 1098 980 1135 alios
999 1098 1203 1135 miserandi
1224 1097 1358 1146 magis,
1371 1107 1390 1137 5

103 1162 167 1210 qui
191 1174 360 1211 unquam
388 1163 532 1200 obsessi
555 1170 651 1208 sunt,
674 1163 779 1212 quod
806 1163 997 1200 interclusi
1018 1175 1041 1200 a
1066 1163 1189 1212 patria
1208 1163 1358 1200 obside-

103 1229 251 1273 bantur,
275 1228 405 1264 omnia
434 1240 502 1265 sua
529 1235 727 1265 cernentes
756 1229 795 1265 in
823 1228 989 1266 hostium
1018 1235 1217 1278 potestate.
1275 1228 1391 1265 Ne06

102 1293 337 1342 tranquillior
349 1305 427 1330 nox
449 1293 551 1330 diem
570 1300 647 1330 13111
663 1293 773 1331 foede
794 1300 920 1331 actum
940 1295 1109 1343 excepit,
1140 1294 1205 1331 lux
1221 1293 1359 1331 deinde

102 1365 255 1395 noctem
275 1358 442 1408 inquieta
461 1359 630 1396 insecuta
651 1366 718 1405 est,
741 1371 812 1396 nec
833 1359 952 1396 ullum
972 1367 1052 1396 erat
1071 1366 1232 1408 tempus,
1254 1359 1359 1408 quod

102 1435 124 1460 a
144 1435 266 1460 novae
291 1435 442 1472 semper
461 1424 576 1460 cladis
600 1424 756 1461 alicuius
783 1424 1000 1473 spectaculo
1020 1431 1195 1462 cessaret.
1253 1423 1388 1462 Nihil?

102 1494 231 1524 tamen
264 1495 319 1525 tot
352 1489 497 1525 onerati
531 1496 644 1538 atque
676 1490 800 1526 obruti
831 1489 941 1526 malis
979 1489 1164 1526 flexerunt
1198 1489 1358 1532 animos,

101 1553 204 1601 quin,
244 1553 313 1589 etsi
350 1554 479 1590 omnia
526 1554 690 1591 flammis
729 1567 772 1592 ac
811 1555 928 1591 ruinis
967 1561 1131 1603 aequata
1169 1554 1360 1598 vidissent,

101 1617 273 1666 quamvis
293 1618 450 1666 inopem
470 1631 717 1668 parvumque,
739 1632 855 1669 quem
874 1621 1067 1665 tenebant,
1090 1619 1227 1656 collem
1247 1619 1360 1655 liber-

99 1682 166 1719 tati
199 1683 370 1720 relictum
398 1684 530 1720 virtute
564 1684 809 1721 defenderent
821 1697 830 1731 ;
872 1692 908 1722 et
945 1685 1034 1730 iam,
1065 1696 1183 1734 quum
1221 1684 1388 1721 eademS

100 1747 269 1797 quotidie
298 1748 521 1794 acciderent,
542 1749 642 1786 velut
671 1749 810 1787 assueti
838 1750 948 1786 malis
977 1750 1285 1787 abalienaverant
1310 1750 1359 1786 ab

100 1825 213 1850 sensu
242 1825 367 1850 rerum
396 1826 552 1851 suarum
581 1815 741 1861 animos,
763 1827 869 1852 arma
897 1821 1046 1852 tantum
1075 1815 1292 1865 ferrumque
1322 1816 1361 1852 in

100 1878 240 1915 dextris
259 1879 359 1916 velut
378 1879 478 1917 solas
498 1880 674 1930 reliquias
696 1881 777 1930 spei
797 1893 887 1918 suae
908 1880 1109 1918 intuentes.

102 1985 118 2020 ξ
140 1992 166 2015 1.
196 1984 228 2014 T
223 1983 261 2014 lte
281 1984 384 2015 Gauls
399 1994 473 2014 now
488 1984 594 2014 attack
610 1983 662 2015 the
680 1984 810 2015 Cz’ladel
818 1983 912 2025 from
929 1984 982 2016 tlte
998 1985 1134 2022 Forum,
1155 1985 1213 2015 but
1225 1985 1362 2026 faz'ling
1372 1985 1444 2019 Ch.
1462 1985 1526 2019 43.

187 2035 223 2065 in
252 2036 328 2071 this,
398 2038 462 2073 §4
487 2036 561 2075 they
584 2040 667 2066 turn
695 2035 747 2066 tlze
772 2036 853 2075 siege
880 2035 949 2066 into
976 2047 997 2066 α
1023 2036 1176 2071 blot-hade,
1204 2036 1362 2077 dz've‘dz'ng

187 2087 275 2117 their
285 2086 415 2127 forces:
439 2086 658 2128 llalfremaz'n
681 2086 717 2116 z'n
740 2087 850 2123 Rome,
865 2087 1069 2128 halfforage
1091 2088 1128 2118 in
1149 2087 1202 2118 the
1221 2093 1360 2127 country

186 2138 303 2168 round.
373 2141 388 2176 ξ
407 2137 437 2170 6.
471 2139 503 2168 T
498 2138 558 2178 lay
573 2148 655 2170 coma²
670 2142 700 2170 to
716 2139 747 2169 A
751 2138 838 2177 mica,
857 2139 965 2169 where
985 2139 1148 2170 Camillus
1165 2139 1193 2169 is
1209 2139 1246 2170 in
1263 2140 1356 2170 exile.

155 2205 255 2242 Galli
278 2218 443 2255 quoque,
463 2218 531 2255 per
557 2205 700 2254 aliquot
730 2204 810 2242 dies
839 2205 878 2241 in
907 2211 1006 2242 tecta
1025 2206 1142 2243 modo
1165 2206 1268 2243 urbis
1288 2219 1354 2243 ne·
1370 2213 1386 2241 1

100 2271 306 2321 quicquam
325 2271 426 2308 bello
446 2277 564 2320 gesto,
579 2282 699 2320 quum
714 2270 811 2308 inter
830 2270 1006 2308 incendia
1020 2283 1064 2308 ac
1079 2270 1207 2308 ruinas
1222 2278 1355 2320 captae
