1670 2532
268 129 348 158 120
617 125 746 166 LJVY,
776 124 914 156 BOOK
938 124 997 156 Vl.
1021 128 1084 166 10,
1111 127 1175 157 11.

64 235 145 264 3.οι
163 236 394 268 see-tamen
424 230 472 268 ad
501 230 688 280 principes
716 241 849 266 eorum
878 229 1030 278 placuit,
1062 236 1101 266 ut
1132 235 1371 267 secernerent
1400 240 1439 268 se
1468 229 1520 267 ab

264 296 436 334 Etruscis
465 295 668 345 fidemque,
701 306 816 344 quam
846 295 1111 344 implorassent
1140 296 1190 332 ab
1220 294 1418 341 Romanis,
1447 295 1518 344 ipsi

233 369 508 410 3praestarent.
565 360 680 398 Unde
709 372 828 410 quum
856 372 1080 410 responsum
1111 360 1266 397 allatum
1294 367 1403 407 esset,
1426 360 1518 397 nihil

267 439 356 464 suae
387 427 584 476 potestatis
614 438 707 473 esse,
740 425 921 463 Etruscos
950 426 1102 463 moenia
1132 426 1399 474 custodiasque
1430 438 1518 474 por-

266 501 388 529 tarum
418 499 557 537 tenere,
579 492 704 540 primo
730 491 1039 540 populationibus
1068 492 1146 540 agri
1177 499 1297 529 terror
1324 498 1380 528 est
1409 491 1518 540 oppi-

233 562 251 592 4
267 558 374 595 danis
401 557 599 603 admotus3
631 557 779 602 deinde,
801 564 1003 606 postquam
1028 557 1230 594 deditionis
1256 568 1371 606 quarn
1398 557 1517 594 socie-

264 623 348 660 tatis
386 622 478 659 fides
512 622 677 660 sanctior
713 629 805 668 erat‚
835 621 1000 660 fascibus
1039 629 1316 660 sarmentorum
1349 634 1395 659 ex
1425 634 1520 671 agro

266 688 420 733 collatis,
452 688 586 725 ductus
612 687 661 724 ad
694 688 847 726 moenia
877 689 1075 734 exercitus,
1105 687 1380 736 completisque
1409 686 1519 724 fossis

267 754 390 791 scalae
410 754 600 799 admotae,
614 761 651 791 et
667 753 834 791 clamore
852 754 975 802 primo
996 754 1216 803 impetuque
1233 753 1414 802 oppidum
1429 765 1518 801 cap-

233 821 348 857 5itur.
406 819 609 868 Nepesinis
638 820 726 857 inde
755 819 933 865 edictum,
958 826 998 856 ut
1027 831 1133 856 arma
1160 827 1316 868 ponant,
1337 819 1518 868 parcique

266 886 411 922 iussum
448 886 582 923 inermi
595 898 605 931 ;
660 885 812 923 Etrusci
851 885 987 935 pariter
1025 886 1157 922 armati
1197 893 1311 934 atque
1353 885 1520 922 inermes

267 951 379 988 caesi.
451 950 732 1000 Nepesinorum
764 963 917 1001 quoque
957 959 1129 989 auctores
1164 951 1367 989 deditionis
1395 950 1544 988 securi.

265 1016 454 1066 percussi;
489 1017 667 1054 innoxiae
697 1016 926 1054 multitudini
959 1016 1127 1054 redditae
1153 1029 1224 1062 reS,
1254 1016 1520 1065 oppidumque

233 1088 354 1118 ccum
391 1082 580 1131 praesidio
618 1083 800 1120 relictum.
859 1082 917 1119 Ita
955 1081 1103 1119 duabus
1134 1082 1246 1119 sociis
1280 1082 1436 1118 urbibus
1469 1093 1518 1118 ex

265 1146 373 1185 hoste
412 1148 584 1196 receptis,
620 1148 800 1185 victorem
834 1149 1041 1185 exercitum
1079 1148 1219 1185 tribuni
1253 1159 1341 1185 cum
1374 1158 1519 1196 magna

267 1211 388 1259 gloria
409 1211 576 1250 Romam
597 1213 836 1250 reduxerunt.
882 1213 1034 1251 Eodem
1055 1226 1159 1251 anno
1180 1214 1228 1250 ab
1250 1212 1395 1250 Latinis
1418 1213 1518 1250 Her-

267 1277 438 1326 nicisque
469 1290 529 1315 res
557 1279 735 1327 repetitae
772 1279 1072 1328 quaesitumque,
1103 1292 1170 1316 cur
1203 1291 1271 1328 per
1300 1291 1367 1316 eos
1396 1290 1519 1316 annos

235 1351 252 1379 τ
268 1342 424 1380 militem
443 1355 491 1380 ex
511 1343 680 1381 instituto
700 1356 779 1381 non
804 1344 1006 1382 dedissent.
1066 1345 1309 1394 Responsum
1332 1345 1518 1395 frequenti

265 1409 459 1457 utriusque
489 1409 613 1457 gentis
642 1409 806 1447 concilio
826 1416 892 1455 est,
915 1422 985 1447 nec
1007 1410 1162 1459 culpam
1191 1411 1230 1447 in
1257 1423 1305 1448 eo
1323 1410 1518 1460 publicam

265 1485 335 1510 nec
373 1473 576 1511 consilium
612 1473 738 1519 fuisse,
775 1475 878 1524 quod
909 1486 999 1512 suae
1034 1476 1234 1512 iuventutis
1266 1476 1382 1525 aliqui
1415 1475 1518 1525 apud

234 1537 430 1577 SVolscos
460 1539 720 1586 militaverint;
751 1552 817 1577 eos
837 1548 966 1576 tamen
995 1541 1098 1589 ipsos
1127 1541 1229 1590 pravi
1256 1541 1403 1578 consilii
1427 1553 1518 1590 poe-

265 1616 356 1641 nam
385 1604 535 1650 habere,
557 1617 627 1642 nec
649 1617 883 1654 quemquam
908 1618 954 1642 ex
982 1605 1027 1642 iis
1054 1605 1234 1642 reducem
1254 1618 1358 1652 esse;
1389 1606 1519 1643 militis

265 1677 392 1707 autern
430 1682 510 1707 non
549 1670 626 1707 dati
661 1682 819 1708 causam
857 1677 1040 1708 terrorem
1080 1671 1274 1707 assiduum
1314 1683 1336 1707 a
1366 1670 1519 1709 Volscis

266 1734 391 1780 fuisse,
413 1747 528 1784 quam
548 1742 694 1784 pestem
723 1735 994 1773 adhaerentem
1023 1736 1127 1773 lateri
1148 1748 1217 1773 suo
1238 1743 1292 1773 tot
1314 1748 1424 1785 super
1445 1736 1518 1773 alia

233 1814 251 1841 9
267 1801 348 1838 aliis
369 1801 475 1838 bellis
495 1800 682 1838 exhauriri
704 1801 890 1850 nequisse.
940 1800 1050 1847 Quae
1070 1801 1185 1838 relata
1204 1802 1374 1851 patribus
1394 1802 1519 1851 magis

267 1874 417 1916 tempus
438 1878 555 1915 quam
576 1878 732 1904 causam
753 1878 832 1904 non
851 1867 930 1903 visa
949 1867 1037 1903 belli
1057 1866 1207 1904 habere.

110 1973 181 2006 Ch.
198 1972 284 2013 ng
306 1984 332 2006 1.
367 1976 433 2007 The
462 1975 627 2006 Volscians
652 1986 708 2006 arc
731 1974 906 2016 supported
931 1975 1062 2016 against
1089 1976 1190 2007 Rome
1217 1976 1256 2016 by
1279 1976 1331 2007 the
1357 1977 1458 2007 revolt
1486 1976 1529 2018 ⁰f

353 2028 405 2058 llrc
430 2027 551 2058 Latius
576 2027 646 2057 and
667 2027 867 2058 llcrnicans.
936 2030 952 2064 §
979 2036 1006 2065 3.
1039 2029 1089 2058 M.
1114 2028 1270 2058 Alanlz'us
1299 2028 1517 2069 Capitolinus,

343 2079 473 2120 jcalous
493 2078 592 2119 osthc
609 2083 775 2118 grcatncss
797 2078 837 2119 of
847 2079 1019 2115 Camillus,
1037 2080 1142 2110 makes
1160 2090 1302 2110 common
1324 2090 1417 2110 cause
1434 2080 1519 2110 wille

353 2130 405 2161 (lec
422 2130 511 2170 plebs
533 2130 603 2160 and
622 2130 711 2161 their
734 2130 948 2170 nmgt’strates,
972 2131 1044 2161 and
1061 2131 1197 2171 agitatcs
1213 2131 1276 2172 sor
1296 2131 1349 2162 tlte
1371 2131 1474 2173 relies
1487 2132 1527 2173 of

65 2213 94 2239 Β
111 2212 136 2240 c
166 2213 241 2240 385
353 2181 430 2211 ‹lt-bt.
496 2184 512 2218 §
529 2192 560 2223 9.
583 2183 626 2212 A.
647 2181 818 2212 Cornelius
835 2182 949 2213 Cossus
965 2183 992 2212 is
1008 2182 1127 2213 named
1139 2183 1301 2215 Dictator.

244 2262 259 2292 1
328 2247 547 2298 Insequenti
584 2260 698 2294 anno,
738 2249 786 2286 A.
820 2247 981 2295 Manlio,
1016 2248 1056 2286 P.
1093 2248 1284 2297 Cornelio,
1318 2249 1367 2288 T.
1399 2257 1435 2288 et
1472 2249 1518 2290 L.
