1670 2532
319 143 373 186 50
680 143 810 184 LJVY,
835 144 972 176 BOOK
995 144 1033 185 V,
1058 148 1121 184 12,
1147 149 1210 190 13.

130 258 212 287 3.(3.
228 259 308 288 401.
320 249 358 285 in
389 248 545 287 Faliscis
581 255 619 286 et
651 262 674 286 α
707 249 778 288 Cn.
807 248 986 288 Cornelio
1020 251 1058 287 in
1094 250 1290 300 Capenate
1322 263 1416 299 agro
1447 250 1575 290 hostes

321 314 412 351 nulli
446 323 552 352 extra
584 315 737 353 moenia
768 315 933 361 inventi;
974 316 1137 365 praedae
1173 323 1279 353 actae
1314 317 1575 366 incendiisque

319 379 490 416 villarum
519 392 564 417 ac
593 380 744 429 frugum
775 381 906 417 vastati
937 380 1052 427 fines;
1091 382 1234 431 oppida
1263 395 1324 418 nec
1353 390 1576 431 oppugnata

287 451 391 482 6nec
417 445 575 482 obsessa
602 452 698 482 sunt.
756 445 808 482 At
834 446 873 482 in
893 445 1045 484 Volscis
1073 447 1304 496 depopulato
1326 459 1418 496 agro
1438 448 1577 486 Anxur

320 511 577 560 nequicquam
614 517 890 559 oppugnatum,
918 511 1004 548 loco
1039 511 1115 549 alto
1146 513 1271 558 situm,
1299 519 1336 549 et
1371 521 1576 562 postquam

319 577 372 612 vis
405 575 505 612 irrita
538 583 627 620 erat,
649 575 746 612 vallo
776 574 955 623 fossaque
985 576 1148 613 obsideri
1184 584 1387 626 coeptum;
1421 576 1576 615 Valerio

288 645 306 677 7
321 640 445 678 Potito
465 640 596 677 Volsci
625 641 824 689 provincia
858 648 1044 678 evenerat.
1104 642 1194 679 Hoc
1230 650 1329 679 statu
1359 642 1576 679 militarium

320 718 458 752 rerum,
480 706 612 744 seditio
642 707 818 743 intestina
846 707 992 744 maiore
1024 707 1124 745 mole
1159 715 1301 753 coorta,
1330 720 1447 756 quam
1479 707 1577 745 bella

319 773 599 818 tractabantur;
630 779 667 809 et
687 784 806 822 quum
827 773 1008 809 tributum
1033 772 1194 810 conferri
1219 786 1286 822 per
1305 774 1478 811 tribunos
1497 786 1577 812 non

320 846 459 887 posset,
486 851 556 875 nec
587 838 819 887 stipendium
848 838 1139 887 imperatoribus
1169 839 1389 885 mitteretur,
1411 851 1577 889 aeraque

318 903 492 940 militaria
526 903 710 953 flagitaret
747 904 867 950 miles,
897 903 1001 941 haud
1035 904 1167 952 procul
1206 910 1297 948 erat,
1326 904 1419 952 quin
1453 912 1579 942 eastra

287 979 473 1017 gquoque
493 969 661 1006 urbanae
689 969 885 1006 seditionis
911 970 1142 1017 contagione
1163 969 1412 1006 turbarentur.
1471 969 1578 1006 Inter

322 1034 391 1070 has
435 1034 508 1070 iras
550 1034 672 1083 plebis
716 1035 755 1071 in
797 1043 933 1084 patres,
968 1047 1088 1085 quum
1136 1035 1277 1072 tribuni
1325 1034 1426 1084 plebi
1473 1046 1577 1071 nunc

324 1098 415 1135 illud
462 1106 614 1148 tempus
663 1111 746 1136 esse
794 1100 961 1137 dicerent
1015 1100 1261 1137 stabiliendae
1313 1099 1494 1137 libertatis
1541 1105 1578 1136 et

323 1165 372 1200 ab
422 1162 560 1212 Sergiis
596 1163 865 1213 Verginiisque
915 1165 963 1202 ad
1014 1165 1184 1213 plebeios
1221 1165 1321 1203 viros
1369 1164 1485 1202 sortes
1532 1176 1577 1201 ac

289 1236 498 1270 9strenuos
535 1229 784 1266 transferendi
819 1231 958 1267 summi
995 1230 1165 1275 honoris,
1200 1241 1279 1266 non
1319 1237 1447 1268 tamen
1481 1229 1577 1267 ultra

322 1306 545 1343 processum
593 1301 660 1338 est,
709 1306 825 1342 quarn
878 1302 919 1331 ut
966 1307 1064 1331 unus
1113 1307 1161 1333 ex
1201 1295 1324 1344 plebe,
1368 1293 1578 1343 usurpandi

115 1371 198 1401 ιο.
217 1373 308 1401 400.
322 1360 413 1396 iuris
434 1371 562 1404 causa,
584 1359 624 1396 P.
647 1359 815 1397 Licinius
838 1359 976 1397 Calvus
1005 1361 1177 1398 tribunus
1205 1361 1366 1397 militum
1386 1359 1579 1398 consulari

269 1433 308 1462 10
321 1431 506 1474 potestate
537 1432 749 1470 crearetur;
785 1426 896 1462 ceteri
926 1426 1072 1474 patricii
1102 1427 1227 1469 creati,
1258 1425 1299 1463 P.
1329 1425 1509 1469 Manlius,
1534 1423 1578 1462 L.
1624 1436 1628 1438 ’

322 1490 501 1533 Titinius,
532 1489 572 1526 P.
601 1488 776 1535 Maelius,
799 1489 842 1526 L.
874 1490 1009 1527 Furius
1045 1489 1292 1535 Medullinus,
1322 1490 1364 1527 L.
1395 1489 1578 1528 Publilius

269 1562 306 1591 11
322 1554 498 1592 Volscus.
556 1554 646 1603 Ipsa
662 1555 792 1604 plebes
812 1555 1029 1601 mirabatur,
1046 1567 1084 1592 se
1098 1562 1243 1592 tantam
1260 1567 1340 1592 rem
1357 1554 1578 1598 obtinuisse,

322 1633 402 1657 non
430 1621 460 1657 is
490 1621 620 1666 modo,
642 1621 706 1669 qui
737 1629 886 1658 creatus
915 1627 1004 1665 erat,
1025 1621 1081 1657 vir
1110 1621 1220 1657 nullis
1251 1628 1337 1657 ante
1368 1620 1579 1657 honoribus

271 1699 308 1728 12
321 1697 425 1731 usus,
445 1692 551 1723 vetus
571 1693 718 1723 tantum
739 1693 893 1724 senator
913 1674 950 1723 et
977 1692 1097 1723 aetate
1119 1686 1195 1722 iam
1216 1686 1340 1734 gravis
1352 1697 1361 1730 ;
1393 1697 1463 1722 nec
1489 1685 1579 1722 satis

323 1758 482 1796 constat,
503 1764 571 1788 cur
596 1752 741 1800 primus
768 1764 812 1788 ac
839 1751 1059 1800 potissimus
1085 1750 1133 1787 ad
1160 1762 1304 1787 novum
1331 1750 1578 1787 delibandum

323 1817 511 1854 honorem
533 1817 578 1853 sit
598 1817 762 1853 habitus.
798 1816 872 1852 Alii
893 1815 964 1853 Cn.
980 1815 1147 1853 Cornelii
1170 1815 1304 1860 fratris,
1319 1815 1383 1864 qui
1404 1815 1580 1852 tribunus

323 1882 484 1918 militum
505 1883 631 1931 priore
652 1893 755 1919 anno
771 1880 891 1918 suerat
908 1880 1120 1930 triplexque
1137 1880 1369 1928 stipendium
1389 1880 1581 1930 equitibus

323 1947 492 1993 dederat,
521 1948 644 1997 gratia
677 1955 892 1985 extractum
925 1946 974 1983 ad
1006 1952 1154 1983 tantum
1188 1945 1374 1982 honorem
1408 1945 1581 1992 credunt,

324 2012 385 2049 alii
411 2014 623 2050 orationem
649 2013 774 2061 ipsum
802 2011 1064 2060 tempestivam
1091 2011 1137 2048 de
1157 2010 1364 2048 concordia
1390 2010 1579 2056 ordinum,

272 2088 310 2118 13
325 2079 496 2126 patribus
516 2078 692 2127 plebique
713 2084 873 2127 gratam,
890 2077 1077 2113 habuisse.
1126 2076 1214 2113 Hac
1233 2076 1390 2113 victoria
1406 2076 1581 2113 comitio-

327 2155 410 2181 rum
431 2144 663 2181 exsultantes
679 2143 820 2180 tribuni
840 2143 972 2192 plebis,
987 2141 1091 2191 quod
1106 2141 1272 2179 maxime
1289 2153 1370 2179 rem
1386 2141 1582 2190 publicam

326 2208 569 2257 impediebat,
591 2207 639 2244 de
668 2208 809 2245 tributo
838 2207 1075 2245 remiserunt.
1133 2206 1327 2245 Collatum
1360 2206 1583 2245 obedienter

325 2273 560 2322 missumque
580 2273 629 2310 ad
653 2273 863 2310 exercitum
882 2279 950 2311 est.

1625 0 1670 7 —v-=
