<?xml version="1.0" encoding="UTF-8"?>
<!DOCTYPE html PUBLIC "-//W3C//DTD XHTML 1.0 Transitional//EN"
    "http://www.w3.org/TR/xhtml1/DTD/xhtml1-transitional.dtd">
<html xmlns="http://www.w3.org/1999/xhtml" xml:lang="en" lang="en">
 <head>
  <title>
</title>
<meta http-equiv="Content-Type" content="text/html;charset=utf-8" />
  <meta name='ocr-system' content='tesseract 3.04.00' />
  <meta name='ocr-capabilities' content='ocr_page ocr_carea ocr_par ocr_line ocrx_word'/>
</head>
<body>
  <div class='ocr_page' id='page_1' title='image "./booksvvivii00livyuoft_0170.png"; bbox 0 0 1736 2521; ppageno 0'>
   <div class='ocr_carea' id='block_1_1' title="bbox 21 234 28 735">
    <p class='ocr_par' dir='ltr' id='par_1_1' title="bbox 21 234 28 735">
     <span class='ocr_line' id='line_1_1' title="bbox 21 234 28 735; baseline 0 0"><span class='ocrx_word' id='word_1_1' title='bbox 21 234 28 735; x_wconf 95' lang='lat' dir='ltr'> </span> 
     </span>
    </p>
   </div>
   <div class='ocr_carea' id='block_1_2' title="bbox 14 154 25 786">
    <p class='ocr_par' dir='ltr' id='par_1_2' title="bbox 14 154 25 786">
     <span class='ocr_line' id='line_1_2' title="bbox 14 154 25 786; baseline 0 0"><span class='ocrx_word' id='word_1_2' title='bbox 14 154 25 786; x_wconf 95' lang='lat' dir='ltr'> </span> 
     </span>
    </p>
   </div>
   <div class='ocr_carea' id='block_1_3' title="bbox 369 127 1265 174">
    <p class='ocr_par' dir='ltr' id='par_1_3' title="bbox 369 127 1265 174">
     <span class='ocr_line' id='line_1_3' title="bbox 369 127 1265 174; baseline 0.003 -16"><span class='ocrx_word' id='word_1_3' title='bbox 369 131 448 169; x_wconf 86' lang='lat'>142</span> <span class='ocrx_word' id='word_1_4' title='bbox 707 127 837 170; x_wconf 73' lang='lat' dir='ltr'><em>LJVY,</em></span> <span class='ocrx_word' id='word_1_5' title='bbox 867 128 1003 160; x_wconf 83' lang='lat' dir='ltr'><em>BOOK</em></span> <span class='ocrx_word' id='word_1_6' title='bbox 1026 128 1084 160; x_wconf 80' lang='lat' dir='ltr'>VJ.</span> <span class='ocrx_word' id='word_1_7' title='bbox 1108 128 1265 174; x_wconf 83' lang='lat'><strong><em>25-27.</em></strong></span> 
     </span>
    </p>
   </div>
   <div class='ocr_carea' id='block_1_4' title="bbox 163 234 1623 1332">
    <p class='ocr_par' dir='ltr' id='par_1_4' title="bbox 163 234 1623 1332">
     <span class='ocr_line' id='line_1_4' title="bbox 163 234 1622 287; baseline 0.003 -18"><span class='ocrx_word' id='word_1_8' title='bbox 163 241 246 269; x_wconf 64' lang='lat' dir='ltr'>ac.</span> <span class='ocrx_word' id='word_1_9' title='bbox 263 241 352 270; x_wconf 81' lang='lat'>381.</span> <span class='ocrx_word' id='word_1_10' title='bbox 366 234 601 272; x_wconf 86' lang='lat' dir='ltr'>Intrantibus</span> <span class='ocrx_word' id='word_1_11' title='bbox 621 234 715 272; x_wconf 87' lang='lat' dir='ltr'>fines</span> <span class='ocrx_word' id='word_1_12' title='bbox 737 234 924 273; x_wconf 88' lang='lat' dir='ltr'>Romanis</span> <span class='ocrx_word' id='word_1_13' title='bbox 944 248 1022 274; x_wconf 91' lang='lat' dir='ltr'>non</span> <span class='ocrx_word' id='word_1_14' title='bbox 1044 237 1300 287; x_wconf 84' lang='lat' dir='ltr'>demigratum</span> <span class='ocrx_word' id='word_1_15' title='bbox 1326 248 1373 274; x_wconf 87' lang='lat' dir='ltr'>ex</span> <span class='ocrx_word' id='word_1_16' title='bbox 1394 237 1622 287; x_wconf 85' lang='lat' dir='ltr'>propinquis</span> 
     </span>
     <span class='ocr_line' id='line_1_5' title="bbox 333 300 1620 351; baseline 0.001 -13"><span class='ocrx_word' id='word_1_17' title='bbox 333 300 485 338; x_wconf 85' lang='lat' dir='ltr'>7itineri</span> <span class='ocrx_word' id='word_1_18' title='bbox 513 300 617 346; x_wconf 88' lang='lat' dir='ltr'>locis,</span> <span class='ocrx_word' id='word_1_19' title='bbox 639 313 719 338; x_wconf 90' lang='lat' dir='ltr'>non</span> <span class='ocrx_word' id='word_1_20' title='bbox 748 300 872 338; x_wconf 88' lang='lat' dir='ltr'>cultus</span> <span class='ocrx_word' id='word_1_21' title='bbox 902 313 1083 350; x_wconf 87' lang='lat' dir='ltr'>agrorum</span> <span class='ocrx_word' id='word_1_22' title='bbox 1112 302 1373 348; x_wconf 86' lang='lat' dir='ltr'>intermissus,·</span> <span class='ocrx_word' id='word_1_23' title='bbox 1404 302 1620 351; x_wconf 88' lang='lat' dir='ltr'>patentibus</span> 
     </span>
     <span class='ocr_line' id='line_1_6' title="bbox 363 366 1620 417; baseline 0 -13"><span class='ocrx_word' id='word_1_24' title='bbox 363 366 482 417; x_wconf 89' lang='lat' dir='ltr'>portis</span> <span class='ocrx_word' id='word_1_25' title='bbox 511 366 614 403; x_wconf 86' lang='lat' dir='ltr'>urbis</span> <span class='ocrx_word' id='word_1_26' title='bbox 644 366 762 415; x_wconf 86' lang='lat' dir='ltr'>togati</span> <span class='ocrx_word' id='word_1_27' title='bbox 786 366 937 404; x_wconf 87' lang='lat' dir='ltr'>obviam</span> <span class='ocrx_word' id='word_1_28' title='bbox 968 366 1182 417; x_wconf 85' lang='lat' dir='ltr'>frequentes</span> <span class='ocrx_word' id='word_1_29' title='bbox 1211 368 1505 417; x_wconf 85' lang='lat' dir='ltr'>imperatoribus</span> <span class='ocrx_word' id='word_1_30' title='bbox 1533 379 1620 417; x_wconf 91' lang='lat' dir='ltr'>pro-</span> 
     </span>
     <span class='ocr_line' id='line_1_7' title="bbox 362 432 1619 478; baseline 0.001 -9"><span class='ocrx_word' id='word_1_31' title='bbox 362 443 533 478; x_wconf 85' lang='lat' dir='ltr'>cessere;</span> <span class='ocrx_word' id='word_1_32' title='bbox 565 438 802 469; x_wconf 84' lang='lat' dir='ltr'>commeatus</span> <span class='ocrx_word' id='word_1_33' title='bbox 822 432 1007 470; x_wconf 80' lang='lat' dir='ltr'>exercitui</span> <span class='ocrx_word' id='word_1_34' title='bbox 1038 433 1197 471; x_wconf 92' lang='lat' dir='ltr'>comiter</span> <span class='ocrx_word' id='word_1_35' title='bbox 1226 433 1264 469; x_wconf 91' lang='lat' dir='ltr'>in</span> <span class='ocrx_word' id='word_1_36' title='bbox 1295 440 1419 470; x_wconf 91' lang='lat' dir='ltr'>castra</span> <span class='ocrx_word' id='word_1_37' title='bbox 1447 445 1495 470; x_wconf 88' lang='lat' dir='ltr'>ex</span> <span class='ocrx_word' id='word_1_38' title='bbox 1525 433 1619 470; x_wconf 91' lang='lat' dir='ltr'>urbe</span> 
     </span>
     <span class='ocr_line' id='line_1_8' title="bbox 331 496 1620 547; baseline 0.003 -17"><span class='ocrx_word' id='word_1_39' title='bbox 331 501 348 530; x_wconf 86' lang='grc'>8</span> <span class='ocrx_word' id='word_1_40' title='bbox 363 503 399 534; x_wconf 89' lang='lat' dir='ltr'>et</span> <span class='ocrx_word' id='word_1_41' title='bbox 437 510 483 534; x_wconf 79' lang='lat' dir='ltr'>ex</span> <span class='ocrx_word' id='word_1_42' title='bbox 524 497 624 545; x_wconf 88' lang='lat' dir='ltr'>agris</span> <span class='ocrx_word' id='word_1_43' title='bbox 668 496 872 534; x_wconf 82' lang='lat' dir='ltr'>devehitur.</span> <span class='ocrx_word' id='word_1_44' title='bbox 946 496 1143 544; x_wconf 86' lang='lat' dir='ltr'>Camillus,</span> <span class='ocrx_word' id='word_1_45' title='bbox 1183 498 1316 535; x_wconf 86' lang='lat' dir='ltr'>castris</span> <span class='ocrx_word' id='word_1_46' title='bbox 1362 505 1450 534; x_wconf 86' lang='lat' dir='ltr'>ante</span> <span class='ocrx_word' id='word_1_47' title='bbox 1489 504 1620 547; x_wconf 86' lang='lat' dir='ltr'>portas</span> 
     </span>
     <span class='ocr_line' id='line_1_9' title="bbox 361 561 1616 612; baseline 0.002 -15"><span class='ocrx_word' id='word_1_48' title='bbox 361 563 504 612; x_wconf 78' lang='lat' dir='ltr'>positis,</span> <span class='ocrx_word' id='word_1_49' title='bbox 526 561 712 599; x_wconf 87' lang='lat' dir='ltr'>eademne</span> <span class='ocrx_word' id='word_1_50' title='bbox 742 561 867 598; x_wconf 85' lang='lat' dir='ltr'>forma</span> <span class='ocrx_word' id='word_1_51' title='bbox 893 562 1008 611; x_wconf 89' lang='lat' dir='ltr'>pacis,</span> <span class='ocrx_word' id='word_1_52' title='bbox 1031 575 1129 612; x_wconf 89' lang='lat' dir='ltr'>quae</span> <span class='ocrx_word' id='word_1_53' title='bbox 1157 563 1195 599; x_wconf 88' lang='lat' dir='ltr'>in</span> <span class='ocrx_word' id='word_1_54' title='bbox 1223 562 1323 612; x_wconf 84' lang='lat' dir='ltr'>agris</span> <span class='ocrx_word' id='word_1_55' title='bbox 1353 569 1616 609; x_wconf 85' lang='lat' dir='ltr'>ostentaretur,</span> 
     </span>
     <span class='ocr_line' id='line_1_10' title="bbox 330 626 1616 678; baseline 0.001 -14"><span class='ocrx_word' id='word_1_56' title='bbox 330 628 474 665; x_wconf 58' lang='lat' dir='ltr'>aetiam</span> <span class='ocrx_word' id='word_1_57' title='bbox 495 627 592 663; x_wconf 87' lang='lat' dir='ltr'>intra</span> <span class='ocrx_word' id='word_1_58' title='bbox 618 626 772 663; x_wconf 88' lang='lat' dir='ltr'>moenia</span> <span class='ocrx_word' id='word_1_59' title='bbox 798 636 908 672; x_wconf 89' lang='lat' dir='ltr'>esset,</span> <span class='ocrx_word' id='word_1_60' title='bbox 931 628 1027 666; x_wconf 88' lang='lat' dir='ltr'>scire</span> <span class='ocrx_word' id='word_1_61' title='bbox 1056 628 1225 678; x_wconf 90' lang='lat' dir='ltr'>cupiens,</span> <span class='ocrx_word' id='word_1_62' title='bbox 1250 628 1444 677; x_wconf 82' lang='lat' dir='ltr'>ingressus</span> <span class='ocrx_word' id='word_1_63' title='bbox 1469 629 1616 674; x_wconf 88' lang='lat' dir='ltr'>urbem,</span> 
     </span>
     <span class='ocr_line' id='line_1_11' title="bbox 361 691 1618 743; baseline 0.002 -15"><span class='ocrx_word' id='word_1_64' title='bbox 361 692 425 728; x_wconf 86' lang='lat' dir='ltr'>ubi</span> <span class='ocrx_word' id='word_1_65' title='bbox 446 698 619 740; x_wconf 86' lang='lat' dir='ltr'>patentes</span> <span class='ocrx_word' id='word_1_66' title='bbox 640 691 773 729; x_wconf 87' lang='lat' dir='ltr'>ianuas</span> <span class='ocrx_word' id='word_1_67' title='bbox 793 699 829 729; x_wconf 90' lang='lat' dir='ltr'>et</span> <span class='ocrx_word' id='word_1_68' title='bbox 850 693 1016 731; x_wconf 85' lang='lat' dir='ltr'>tabernis</span> <span class='ocrx_word' id='word_1_69' title='bbox 1043 694 1183 742; x_wconf 88' lang='lat' dir='ltr'>apertis</span> <span class='ocrx_word' id='word_1_70' title='bbox 1211 693 1407 743; x_wconf 89' lang='lat' dir='ltr'>proposita</span> <span class='ocrx_word' id='word_1_71' title='bbox 1428 693 1558 731; x_wconf 90' lang='lat' dir='ltr'>omnia</span> <span class='ocrx_word' id='word_1_72' title='bbox 1579 693 1618 730; x_wconf 92' lang='lat' dir='ltr'>in</span> 
     </span>
     <span class='ocr_line' id='line_1_12' title="bbox 360 756 1617 808; baseline 0.002 -16"><span class='ocrx_word' id='word_1_73' title='bbox 360 756 487 793; x_wconf 86' lang='lat' dir='ltr'>medio</span> <span class='ocrx_word' id='word_1_74' title='bbox 516 756 618 801; x_wconf 83' lang='lat' dir='ltr'>vidit,</span> <span class='ocrx_word' id='word_1_75' title='bbox 650 756 894 807; x_wconf 89' lang='lat' dir='ltr'>intentosque</span> <span class='ocrx_word' id='word_1_76' title='bbox 923 758 1080 807; x_wconf 92' lang='lat' dir='ltr'>opifices</span> <span class='ocrx_word' id='word_1_77' title='bbox 1109 770 1179 796; x_wconf 87' lang='lat' dir='ltr'>suo</span> <span class='ocrx_word' id='word_1_78' title='bbox 1210 770 1402 808; x_wconf 85' lang='lat' dir='ltr'>quemque</span> <span class='ocrx_word' id='word_1_79' title='bbox 1434 758 1550 808; x_wconf 88' lang='lat' dir='ltr'>operi,</span> <span class='ocrx_word' id='word_1_80' title='bbox 1581 765 1617 795; x_wconf 92' lang='lat' dir='ltr'>et</span> 
     </span>
     <span class='ocr_line' id='line_1_13' title="bbox 359 821 1615 873; baseline 0.003 -16"><span class='ocrx_word' id='word_1_81' title='bbox 359 822 471 858; x_wconf 89' lang='lat' dir='ltr'>ludos</span> <span class='ocrx_word' id='word_1_82' title='bbox 501 821 705 858; x_wconf 85' lang='lat' dir='ltr'>litterarum</span> <span class='ocrx_word' id='word_1_83' title='bbox 735 829 901 872; x_wconf 83' lang='lat' dir='ltr'>strepere</span> <span class='ocrx_word' id='word_1_84' title='bbox 927 823 1154 862; x_wconf 89' lang='lat' dir='ltr'>discentium</span> <span class='ocrx_word' id='word_1_85' title='bbox 1175 824 1344 870; x_wconf 86' lang='lat' dir='ltr'>vocibus,</span> <span class='ocrx_word' id='word_1_86' title='bbox 1377 837 1421 862; x_wconf 89' lang='lat' dir='ltr'>ac</span> <span class='ocrx_word' id='word_1_87' title='bbox 1452 823 1615 873; x_wconf 87' lang='lat' dir='ltr'>repletas</span> 
     </span>
     <span class='ocr_line' id='line_1_14' title="bbox 359 886 1615 938; baseline 0.002 -15"><span class='ocrx_word' id='word_1_88' title='bbox 359 887 510 924; x_wconf 85' lang='lat' dir='ltr'>semitas</span> <span class='ocrx_word' id='word_1_89' title='bbox 548 886 645 923; x_wconf 90' lang='lat' dir='ltr'>inter</span> <span class='ocrx_word' id='word_1_90' title='bbox 682 887 818 936; x_wconf 83' lang='lat' dir='ltr'>vulgus</span> <span class='ocrx_word' id='word_1_91' title='bbox 856 888 957 926; x_wconf 88' lang='lat' dir='ltr'>aliud</span> <span class='ocrx_word' id='word_1_92' title='bbox 996 901 1201 938; x_wconf 89' lang='lat' dir='ltr'>puerorum</span> <span class='ocrx_word' id='word_1_93' title='bbox 1233 896 1269 926; x_wconf 89' lang='lat' dir='ltr'>et</span> <span class='ocrx_word' id='word_1_94' title='bbox 1301 889 1502 926; x_wconf 80' lang='lat' dir='ltr'>mulierum</span> <span class='ocrx_word' id='word_1_95' title='bbox 1541 888 1615 926; x_wconf 89' lang='lat' dir='ltr'>huc</span> 
     </span>
     <span class='ocr_line' id='line_1_15' title="bbox 306 951 1623 1004; baseline 0 -14"><span class='ocrx_word' id='word_1_96' title='bbox 306 961 345 990; x_wconf 87' lang='lat'>10</span> <span class='ocrx_word' id='word_1_97' title='bbox 360 959 474 1001; x_wconf 85' lang='lat' dir='ltr'>atque</span> <span class='ocrx_word' id='word_1_98' title='bbox 494 951 580 989; x_wconf 92' lang='lat' dir='ltr'>illuc</span> <span class='ocrx_word' id='word_1_99' title='bbox 602 953 784 1000; x_wconf 86' lang='lat' dir='ltr'>euntium,</span> <span class='ocrx_word' id='word_1_100' title='bbox 807 965 883 1003; x_wconf 87' lang='lat' dir='ltr'>qua</span> <span class='ocrx_word' id='word_1_101' title='bbox 913 966 1103 1004; x_wconf 87' lang='lat' dir='ltr'>quemque</span> <span class='ocrx_word' id='word_1_102' title='bbox 1128 966 1284 991; x_wconf 86' lang='lat' dir='ltr'>suorum</span> <span class='ocrx_word' id='word_1_103' title='bbox 1308 966 1447 991; x_wconf 92' lang='lat' dir='ltr'>usuum</span> <span class='ocrx_word' id='word_1_104' title='bbox 1476 965 1623 991; x_wconf 85' lang='lat' dir='ltr'>causae-</span> 
     </span>
     <span class='ocr_line' id='line_1_16' title="bbox 359 1017 1614 1068; baseline 0.001 -14"><span class='ocrx_word' id='word_1_105' title='bbox 359 1017 510 1061; x_wconf 86' lang='lat' dir='ltr'>ferrent‚</span> <span class='ocrx_word' id='word_1_106' title='bbox 531 1017 621 1054; x_wconf 88' lang='lat' dir='ltr'>nihil</span> <span class='ocrx_word' id='word_1_107' title='bbox 641 1030 806 1068; x_wconf 87' lang='lat' dir='ltr'>usquam</span> <span class='ocrx_word' id='word_1_108' title='bbox 827 1031 905 1057; x_wconf 88' lang='lat' dir='ltr'>non</span> <span class='ocrx_word' id='word_1_109' title='bbox 925 1019 1072 1068; x_wconf 87' lang='lat' dir='ltr'>pavidis</span> <span class='ocrx_word' id='word_1_110' title='bbox 1093 1020 1221 1063; x_wconf 86' lang='lat' dir='ltr'>modo,</span> <span class='ocrx_word' id='word_1_111' title='bbox 1240 1019 1306 1057; x_wconf 89' lang='lat' dir='ltr'>sed</span> <span class='ocrx_word' id='word_1_112' title='bbox 1324 1032 1370 1057; x_wconf 91' lang='lat' dir='ltr'>ne</span> <span class='ocrx_word' id='word_1_113' title='bbox 1387 1019 1614 1056; x_wconf 89' lang='lat' dir='ltr'>mirantibus</span> 
     </span>
     <span class='ocr_line' id='line_1_17' title="bbox 359 1083 1613 1134; baseline 0.002 -15"><span class='ocrx_word' id='word_1_114' title='bbox 359 1083 514 1133; x_wconf 88' lang='lat' dir='ltr'>quidem</span> <span class='ocrx_word' id='word_1_115' title='bbox 530 1083 662 1129; x_wconf 90' lang='lat' dir='ltr'>simile,</span> <span class='ocrx_word' id='word_1_116' title='bbox 677 1085 1009 1134; x_wconf 84' lang='lat' dir='ltr'>circumspiciebat</span> <span class='ocrx_word' id='word_1_117' title='bbox 1022 1085 1164 1132; x_wconf 88' lang='lat' dir='ltr'>omnia,</span> <span class='ocrx_word' id='word_1_118' title='bbox 1177 1085 1370 1134; x_wconf 79' lang='lat' dir='ltr'>inquirens</span> <span class='ocrx_word' id='word_1_119' title='bbox 1384 1085 1515 1129; x_wconf 89' lang='lat' dir='ltr'>oculis,</span> <span class='ocrx_word' id='word_1_120' title='bbox 1529 1084 1613 1121; x_wconf 92' lang='lat' dir='ltr'>ubi-</span> 
     </span>
     <span class='ocr_line' id='line_1_18' title="bbox 306 1148 1614 1201; baseline 0.003 -17"><span class='ocrx_word' id='word_1_121' title='bbox 306 1155 343 1184; x_wconf 89' lang='grc'>11</span> <span class='ocrx_word' id='word_1_122' title='bbox 358 1161 449 1185; x_wconf 89' lang='lat' dir='ltr'>nam</span> <span class='ocrx_word' id='word_1_123' title='bbox 464 1148 606 1186; x_wconf 88' lang='lat' dir='ltr'>bellum</span> <span class='ocrx_word' id='word_1_124' title='bbox 621 1148 750 1187; x_wconf 87' lang='lat' dir='ltr'>fuisset</span> <span class='ocrx_word' id='word_1_125' title='bbox 765 1163 775 1196; x_wconf 82' lang='lat'>‚-</span> <span class='ocrx_word' id='word_1_126' title='bbox 797 1151 894 1188; x_wconf 90' lang='lat' dir='ltr'>adeo</span> <span class='ocrx_word' id='word_1_127' title='bbox 909 1163 980 1188; x_wconf 90' lang='lat' dir='ltr'>nec</span> <span class='ocrx_word' id='word_1_128' title='bbox 997 1158 1149 1188; x_wconf 88' lang='lat' dir='ltr'>amotae</span> <span class='ocrx_word' id='word_1_129' title='bbox 1166 1152 1217 1188; x_wconf 88' lang='lat' dir='ltr'>rei</span> <span class='ocrx_word' id='word_1_130' title='bbox 1234 1163 1399 1201; x_wconf 81' lang='lat' dir='ltr'>usquam</span> <span class='ocrx_word' id='word_1_131' title='bbox 1419 1163 1490 1188; x_wconf 87' lang='lat' dir='ltr'>nec</span> <span class='ocrx_word' id='word_1_132' title='bbox 1506 1150 1614 1188; x_wconf 88' lang='lat' dir='ltr'>obla-</span> 
     </span>
     <span class='ocr_line' id='line_1_19' title="bbox 356 1214 1614 1265; baseline 0.002 -15"><span class='ocrx_word' id='word_1_133' title='bbox 356 1221 416 1251; x_wconf 86' lang='lat' dir='ltr'>tae</span> <span class='ocrx_word' id='word_1_134' title='bbox 433 1214 481 1250; x_wconf 87' lang='lat' dir='ltr'>ad</span> <span class='ocrx_word' id='word_1_135' title='bbox 501 1221 652 1263; x_wconf 87' lang='lat' dir='ltr'>tempus</span> <span class='ocrx_word' id='word_1_136' title='bbox 665 1216 863 1265; x_wconf 82' lang='lat' dir='ltr'>vestigium</span> <span class='ocrx_word' id='word_1_137' title='bbox 884 1216 1002 1253; x_wconf 90' lang='lat' dir='ltr'>ullum</span> <span class='ocrx_word' id='word_1_138' title='bbox 1019 1224 1109 1262; x_wconf 88' lang='lat' dir='ltr'>erat,</span> <span class='ocrx_word' id='word_1_139' title='bbox 1125 1217 1190 1254; x_wconf 89' lang='lat' dir='ltr'>sed</span> <span class='ocrx_word' id='word_1_140' title='bbox 1211 1217 1262 1254; x_wconf 87' lang='lat' dir='ltr'>ita</span> <span class='ocrx_word' id='word_1_141' title='bbox 1277 1217 1408 1255; x_wconf 89' lang='lat' dir='ltr'>omnia</span> <span class='ocrx_word' id='word_1_142' title='bbox 1424 1216 1614 1254; x_wconf 84' lang='lat' dir='ltr'>constanti</span> 
     </span>
     <span class='ocr_line' id='line_1_20' title="bbox 355 1279 1576 1332; baseline 0.003 -17"><span class='ocrx_word' id='word_1_143' title='bbox 355 1279 559 1329; x_wconf 87' lang='lat' dir='ltr'>tranquilla</span> <span class='ocrx_word' id='word_1_144' title='bbox 575 1293 680 1329; x_wconf 88' lang='lat' dir='ltr'>pace,</span> <span class='ocrx_word' id='word_1_145' title='bbox 702 1289 742 1319; x_wconf 91' lang='lat' dir='ltr'>ut</span> <span class='ocrx_word' id='word_1_146' title='bbox 761 1294 808 1319; x_wconf 94' lang='lat' dir='ltr'>eo</span> <span class='ocrx_word' id='word_1_147' title='bbox 828 1283 889 1319; x_wconf 81' lang='lat' dir='ltr'>vix</span> <span class='ocrx_word' id='word_1_148' title='bbox 911 1282 1013 1320; x_wconf 85' lang='lat' dir='ltr'>fama</span> <span class='ocrx_word' id='word_1_149' title='bbox 1032 1283 1118 1320; x_wconf 89' lang='lat' dir='ltr'>belli</span> <span class='ocrx_word' id='word_1_150' title='bbox 1139 1282 1284 1332; x_wconf 90' lang='lat' dir='ltr'>perlata</span> <span class='ocrx_word' id='word_1_151' title='bbox 1303 1282 1417 1320; x_wconf 88' lang='lat' dir='ltr'>videri</span> <span class='ocrx_word' id='word_1_152' title='bbox 1436 1288 1576 1332; x_wconf 88' lang='lat' dir='ltr'>posset.</span> 
     </span>
    </p>
   </div>
   <div class='ocr_carea' id='block_1_5' title="bbox 191 1383 1616 1483">
    <p class='ocr_par' dir='ltr' id='par_1_5' title="bbox 191 1383 1616 1483">
     <span class='ocr_line' id='line_1_21' title="bbox 191 1383 1616 1430; baseline 0.003 -16"><span class='ocrx_word' id='word_1_153' title='bbox 191 1383 262 1416; x_wconf 87' lang='lat' dir='ltr'>Ch.</span> <span class='ocrx_word' id='word_1_154' title='bbox 282 1383 346 1418; x_wconf 85' lang='lat'>26.</span> <span class='ocrx_word' id='word_1_155' title='bbox 364 1386 528 1418; x_wconf 84' lang='lat' dir='ltr'>Camillus</span> <span class='ocrx_word' id='word_1_156' title='bbox 553 1388 647 1418; x_wconf 72' lang='lat' dir='ltr'><em>sends</em></span> <span class='ocrx_word' id='word_1_157' title='bbox 670 1399 753 1420; x_wconf 73' lang='lat' dir='ltr'>some</span> <span class='ocrx_word' id='word_1_158' title='bbox 784 1390 965 1420; x_wconf 67' lang='lat' dir='ltr'>Tusculum</span> <span class='ocrx_word' id='word_1_159' title='bbox 990 1394 1019 1420; x_wconf 77' lang='lat' dir='ltr'>lo</span> <span class='ocrx_word' id='word_1_160' title='bbox 1043 1390 1151 1426; x_wconf 80' lang='lat' dir='ltr'>Rome,</span> <span class='ocrx_word' id='word_1_161' title='bbox 1177 1389 1249 1420; x_wconf 71' lang='lat' dir='ltr'>who</span> <span class='ocrx_word' id='word_1_162' title='bbox 1272 1389 1360 1420; x_wconf 68' lang='lat' dir='ltr'>there</span> <span class='ocrx_word' id='word_1_163' title='bbox 1379 1392 1504 1430; x_wconf 68' lang='lat' dir='ltr'>protest</span> <span class='ocrx_word' id='word_1_164' title='bbox 1527 1388 1616 1419; x_wconf 78' lang='lat' dir='ltr'>their</span> 
     </span>
     <span class='ocr_line' id='line_1_22' title="bbox 438 1439 1611 1483; baseline 0.001 -14"><span class='ocrx_word' id='word_1_165' title='bbox 438 1439 522 1479; x_wconf 76' lang='lat' dir='ltr'><em>good</em></span> <span class='ocrx_word' id='word_1_166' title='bbox 531 1440 612 1475; x_wconf 77' lang='lat' dir='ltr'>will,</span> <span class='ocrx_word' id='word_1_167' title='bbox 623 1440 695 1471; x_wconf 83' lang='lat' dir='ltr'>amt&#39;</span> <span class='ocrx_word' id='word_1_168' title='bbox 701 1441 810 1472; x_wconf 79' lang='lat' dir='ltr'>obtain</span> <span class='ocrx_word' id='word_1_169' title='bbox 815 1446 920 1483; x_wconf 72' lang='lat' dir='ltr'>peace.</span> <span class='ocrx_word' id='word_1_170' title='bbox 946 1442 1046 1473; x_wconf 75' lang='lat' dir='ltr'>Rome</span> <span class='ocrx_word' id='word_1_171' title='bbox 1053 1446 1174 1482; x_wconf 68' lang='lat' dir='ltr'>granls</span> <span class='ocrx_word' id='word_1_172' title='bbox 1185 1441 1375 1482; x_wconf 63' lang='lat' dir='ltr'>cilizcnsluj)</span> <span class='ocrx_word' id='word_1_173' title='bbox 1384 1446 1414 1472; x_wconf 83' lang='lat' dir='ltr'>lo</span> <span class='ocrx_word' id='word_1_174' title='bbox 1432 1441 1611 1471; x_wconf 83' lang='lat' dir='ltr'>Tusculum</span> 
     </span>
    </p>
   </div>
   <div class='ocr_carea' id='block_1_6' title="bbox 313 1491 1608 2315">
    <p class='ocr_par' dir='ltr' id='par_1_6' title="bbox 436 1491 621 1532">
     <span class='ocr_line' id='line_1_23' title="bbox 436 1491 621 1532; baseline 0.005 -11"><span class='ocrx_word' id='word_1_175' title='bbox 436 1501 511 1522; x_wconf 78' lang='lat' dir='ltr'>soon</span> <span class='ocrx_word' id='word_1_176' title='bbox 527 1491 621 1532; x_wconf 79' lang='lat' dir='ltr'>aster.</span> 
     </span>
    </p>

    <p class='ocr_par' dir='ltr' id='par_1_7' title="bbox 321 1559 1608 1742">
     <span class='ocr_line' id='line_1_24' title="bbox 321 1559 1608 1611; baseline -0.002 -12"><span class='ocrx_word' id='word_1_177' title='bbox 321 1572 336 1599; x_wconf 86' lang='lat'>1</span> <span class='ocrx_word' id='word_1_178' title='bbox 406 1559 542 1598; x_wconf 77' lang='lat' dir='ltr'>Victus</span> <span class='ocrx_word' id='word_1_179' title='bbox 572 1561 682 1609; x_wconf 76' lang='lat' dir='ltr'>igitur</span> <span class='ocrx_word' id='word_1_180' title='bbox 711 1563 893 1611; x_wconf 87' lang='lat' dir='ltr'>patientia</span> <span class='ocrx_word' id='word_1_181' title='bbox 921 1561 1088 1600; x_wconf 88' lang='lat' dir='ltr'>hostium</span> <span class='ocrx_word' id='word_1_182' title='bbox 1113 1569 1288 1599; x_wconf 88' lang='lat' dir='ltr'>senatum</span> <span class='ocrx_word' id='word_1_183' title='bbox 1317 1574 1450 1599; x_wconf 85' lang='lat' dir='ltr'>eorum</span> <span class='ocrx_word' id='word_1_184' title='bbox 1479 1560 1608 1599; x_wconf 77' lang='lat' dir='ltr'>vocari</span> 
     </span>
     <span class='ocr_line' id='line_1_25' title="bbox 351 1625 1607 1677; baseline 0.002 -15"><span class='ocrx_word' id='word_1_185' title='bbox 351 1626 468 1664; x_wconf 85' lang='lat' dir='ltr'>iussit.</span> <span class='ocrx_word' id='word_1_186' title='bbox 527 1625 628 1663; x_wconf 89' lang='lat' dir='ltr'>‘Soli</span> <span class='ocrx_word' id='word_1_187' title='bbox 666 1627 814 1665; x_wconf 89' lang='lat' dir='ltr'>adhuc’</span> <span class='ocrx_word' id='word_1_188' title='bbox 854 1628 988 1677; x_wconf 89' lang='lat' dir='ltr'>inquit,</span> <span class='ocrx_word' id='word_1_189' title='bbox 1024 1627 1246 1673; x_wconf 88' lang='lat' dir='ltr'>Tusculani,</span> <span class='ocrx_word' id='word_1_190' title='bbox 1285 1639 1373 1664; x_wconf 81' lang='lat' dir='ltr'>vera</span> <span class='ocrx_word' id='word_1_191' title='bbox 1405 1639 1512 1664; x_wconf 89' lang='lat' dir='ltr'>arma</span> <span class='ocrx_word' id='word_1_192' title='bbox 1547 1638 1607 1664; x_wconf 89' lang='lat' dir='ltr'>ve-</span> 
     </span>
     <span class='ocr_line' id='line_1_26' title="bbox 348 1692 1606 1742; baseline 0 -14"><span class='ocrx_word' id='word_1_193' title='bbox 348 1704 485 1742; x_wconf 88' lang='lat' dir='ltr'>rasque</span> <span class='ocrx_word' id='word_1_194' title='bbox 505 1692 612 1737; x_wconf 87' lang='lat' dir='ltr'>vires,</span> <span class='ocrx_word' id='word_1_195' title='bbox 633 1693 772 1742; x_wconf 90' lang='lat' dir='ltr'>quibus</span> <span class='ocrx_word' id='word_1_196' title='bbox 792 1693 841 1730; x_wconf 90' lang='lat' dir='ltr'>ab</span> <span class='ocrx_word' id='word_1_197' title='bbox 862 1694 916 1730; x_wconf 89' lang='lat' dir='ltr'>ira</span> <span class='ocrx_word' id='word_1_198' title='bbox 942 1693 1211 1730; x_wconf 90' lang='lat' dir='ltr'>Romanorum</span> <span class='ocrx_word' id='word_1_199' title='bbox 1232 1700 1354 1730; x_wconf 87' lang='lat' dir='ltr'>vestra</span> <span class='ocrx_word' id='word_1_200' title='bbox 1380 1692 1606 1736; x_wconf 85' lang='lat' dir='ltr'>tutaremini,</span> 
     </span>
    </p>

    <p class='ocr_par' dir='ltr' id='par_1_8' title="bbox 318 1757 1606 1998">
     <span class='ocr_line' id='line_1_27' title="bbox 318 1757 1606 1806; baseline 0.001 -13"><span class='ocrx_word' id='word_1_201' title='bbox 318 1757 553 1794; x_wconf 79' lang='lat' dir='ltr'>2invenistis.</span> <span class='ocrx_word' id='word_1_202' title='bbox 611 1757 667 1794; x_wconf 89' lang='lat' dir='ltr'>Ite</span> <span class='ocrx_word' id='word_1_203' title='bbox 694 1757 862 1795; x_wconf 85' lang='lat' dir='ltr'>Romam</span> <span class='ocrx_word' id='word_1_204' title='bbox 889 1758 937 1795; x_wconf 89' lang='lat' dir='ltr'>ad</span> <span class='ocrx_word' id='word_1_205' title='bbox 963 1765 1162 1804; x_wconf 88' lang='lat' dir='ltr'>senatum;</span> <span class='ocrx_word' id='word_1_206' title='bbox 1193 1758 1448 1794; x_wconf 85' lang='lat' dir='ltr'>aestimabunt</span> <span class='ocrx_word' id='word_1_207' title='bbox 1467 1764 1606 1806; x_wconf 87' lang='lat' dir='ltr'>patres,</span> 
     </span>
     <span class='ocr_line' id='line_1_28' title="bbox 348 1819 1604 1869; baseline -0.001 -13"><span class='ocrx_word' id='word_1_208' title='bbox 348 1827 476 1856; x_wconf 90' lang='lat' dir='ltr'>utrum</span> <span class='ocrx_word' id='word_1_209' title='bbox 496 1820 579 1869; x_wconf 89' lang='lat' dir='ltr'>plus</span> <span class='ocrx_word' id='word_1_210' title='bbox 600 1827 686 1857; x_wconf 85' lang='lat' dir='ltr'>ante</span> <span class='ocrx_word' id='word_1_211' title='bbox 707 1833 855 1869; x_wconf 88' lang='lat' dir='ltr'>poenae</span> <span class='ocrx_word' id='word_1_212' title='bbox 876 1833 924 1858; x_wconf 89' lang='lat' dir='ltr'>an</span> <span class='ocrx_word' id='word_1_213' title='bbox 945 1833 1047 1857; x_wconf 91' lang='lat' dir='ltr'>nunc</span> <span class='ocrx_word' id='word_1_214' title='bbox 1070 1821 1202 1858; x_wconf 85' lang='lat' dir='ltr'>veniae</span> <span class='ocrx_word' id='word_1_215' title='bbox 1222 1820 1344 1857; x_wconf 81' lang='lat' dir='ltr'>meriti</span> <span class='ocrx_word' id='word_1_216' title='bbox 1365 1820 1454 1856; x_wconf 85' lang='lat' dir='ltr'>sitis.</span> <span class='ocrx_word' id='word_1_217' title='bbox 1512 1819 1604 1856; x_wconf 88' lang='lat' dir='ltr'>Non</span> 
     </span>
     <span class='ocr_line' id='line_1_29' title="bbox 345 1884 1605 1934; baseline -0.001 -13"><span class='ocrx_word' id='word_1_218' title='bbox 345 1885 577 1934; x_wconf 88' lang='lat' dir='ltr'>praecipiam</span> <span class='ocrx_word' id='word_1_219' title='bbox 606 1886 767 1934; x_wconf 85' lang='lat' dir='ltr'>gratiam</span> <span class='ocrx_word' id='word_1_220' title='bbox 797 1885 939 1934; x_wconf 90' lang='lat' dir='ltr'>publici</span> <span class='ocrx_word' id='word_1_221' title='bbox 974 1885 1171 1931; x_wconf 88' lang='lat' dir='ltr'>beneficii;</span> <span class='ocrx_word' id='word_1_222' title='bbox 1214 1884 1444 1934; x_wconf 82' lang='lat' dir='ltr'>deprecandi</span> <span class='ocrx_word' id='word_1_223' title='bbox 1478 1890 1605 1933; x_wconf 88' lang='lat' dir='ltr'>potes-</span> 
     </span>
     <span class='ocr_line' id='line_1_30' title="bbox 345 1947 1602 1998; baseline -0.002 -14"><span class='ocrx_word' id='word_1_224' title='bbox 345 1954 463 1984; x_wconf 86' lang='lat' dir='ltr'>tatem</span> <span class='ocrx_word' id='word_1_225' title='bbox 483 1960 506 1984; x_wconf 93' lang='lat' dir='ltr'>a</span> <span class='ocrx_word' id='word_1_226' title='bbox 525 1960 587 1984; x_wconf 91' lang='lat' dir='ltr'>me</span> <span class='ocrx_word' id='word_1_227' title='bbox 608 1947 834 1993; x_wconf 85' lang='lat' dir='ltr'>habueritis;</span> <span class='ocrx_word' id='word_1_228' title='bbox 865 1948 1043 1998; x_wconf 86' lang='lat' dir='ltr'>precibus</span> <span class='ocrx_word' id='word_1_229' title='bbox 1071 1954 1249 1985; x_wconf 89' lang='lat' dir='ltr'>eventum</span> <span class='ocrx_word' id='word_1_230' title='bbox 1276 1947 1408 1984; x_wconf 87' lang='lat' dir='ltr'>vestris</span> <span class='ocrx_word' id='word_1_231' title='bbox 1438 1953 1602 1990; x_wconf 88' lang='lat' dir='ltr'>senatus,</span> 
     </span>
    </p>

    <p class='ocr_par' dir='ltr' id='par_1_9' title="bbox 313 2008 1603 2315">
     <span class='ocr_line' id='line_1_31' title="bbox 315 2008 1602 2059; baseline -0.003 -11"><span class='ocrx_word' id='word_1_232' title='bbox 315 2019 462 2059; x_wconf 87' lang='lat' dir='ltr'>3quem</span> <span class='ocrx_word' id='word_1_233' title='bbox 490 2011 688 2056; x_wconf 88' lang='lat' dir='ltr'>videbitur,</span> <span class='ocrx_word' id='word_1_234' title='bbox 728 2011 856 2049; x_wconf 59' lang='lat' dir='ltr'>dabit)</span> <span class='ocrx_word' id='word_1_235' title='bbox 931 2011 1140 2059; x_wconf 90' lang='lat' dir='ltr'>Postquam</span> <span class='ocrx_word' id='word_1_236' title='bbox 1180 2009 1350 2047; x_wconf 88' lang='lat' dir='ltr'>Romam</span> <span class='ocrx_word' id='word_1_237' title='bbox 1390 2008 1602 2045; x_wconf 89' lang='lat' dir='ltr'>Tusculani</span> 
     </span>
     <span class='ocr_line' id='line_1_32' title="bbox 345 2074 1603 2126; baseline -0.002 -14"><span class='ocrx_word' id='word_1_238' title='bbox 345 2082 531 2113; x_wconf 85' lang='lat' dir='ltr'>venerunt</span> <span class='ocrx_word' id='word_1_239' title='bbox 547 2083 776 2126; x_wconf 84' lang='lat' dir='ltr'>senatusque</span> <span class='ocrx_word' id='word_1_240' title='bbox 793 2076 909 2126; x_wconf 89' lang='lat' dir='ltr'>paulo</span> <span class='ocrx_word' id='word_1_241' title='bbox 930 2083 1018 2113; x_wconf 90' lang='lat' dir='ltr'>ante</span> <span class='ocrx_word' id='word_1_242' title='bbox 1035 2075 1200 2112; x_wconf 84' lang='lat' dir='ltr'>fidelium</span> <span class='ocrx_word' id='word_1_243' title='bbox 1222 2074 1412 2111; x_wconf 88' lang='lat' dir='ltr'>sociorum</span> <span class='ocrx_word' id='word_1_244' title='bbox 1433 2080 1603 2110; x_wconf 90' lang='lat' dir='ltr'>maestus</span> 
     </span>
     <span class='ocr_line' id='line_1_33' title="bbox 345 2139 1602 2190; baseline -0.003 -12"><span class='ocrx_word' id='word_1_245' title='bbox 345 2141 383 2178; x_wconf 91' lang='lat' dir='ltr'>in</span> <span class='ocrx_word' id='word_1_246' title='bbox 411 2141 597 2179; x_wconf 81' lang='lat' dir='ltr'>vestibulo</span> <span class='ocrx_word' id='word_1_247' title='bbox 626 2142 754 2179; x_wconf 82' lang='lat' dir='ltr'>curiae</span> <span class='ocrx_word' id='word_1_248' title='bbox 783 2149 838 2178; x_wconf 90' lang='lat' dir='ltr'>est</span> <span class='ocrx_word' id='word_1_249' title='bbox 868 2148 1106 2190; x_wconf 87' lang='lat' dir='ltr'>conspectus,</span> <span class='ocrx_word' id='word_1_250' title='bbox 1127 2140 1221 2177; x_wconf 89' lang='lat' dir='ltr'>moti</span> <span class='ocrx_word' id='word_1_251' title='bbox 1251 2139 1445 2188; x_wconf 78' lang='lat' dir='ltr'>extemplo</span> <span class='ocrx_word' id='word_1_252' title='bbox 1472 2144 1602 2187; x_wconf 88' lang='lat' dir='ltr'>patres</span> 
     </span>
     <span class='ocr_line' id='line_1_34' title="bbox 343 2203 1601 2256; baseline -0.004 -12"><span class='ocrx_word' id='word_1_253' title='bbox 343 2208 472 2244; x_wconf 82' lang='lat' dir='ltr'>vocari</span> <span class='ocrx_word' id='word_1_254' title='bbox 511 2220 578 2245; x_wconf 87' lang='lat' dir='ltr'>eos</span> <span class='ocrx_word' id='word_1_255' title='bbox 612 2208 688 2245; x_wconf 88' lang='lat' dir='ltr'>iam</span> <span class='ocrx_word' id='word_1_256' title='bbox 719 2215 800 2245; x_wconf 92' lang='lat' dir='ltr'>tum</span> <span class='ocrx_word' id='word_1_257' title='bbox 831 2205 1066 2256; x_wconf 86' lang='lat' dir='ltr'>hospitaliter</span> <span class='ocrx_word' id='word_1_258' title='bbox 1102 2205 1225 2253; x_wconf 79' lang='lat' dir='ltr'>magis</span> <span class='ocrx_word' id='word_1_259' title='bbox 1264 2216 1381 2253; x_wconf 90' lang='lat' dir='ltr'>quarn</span> <span class='ocrx_word' id='word_1_260' title='bbox 1415 2203 1601 2240; x_wconf 89' lang='lat' dir='ltr'>hostiliter</span> 
     </span>
     <span class='ocr_line' id='line_1_35' title="bbox 313 2267 1599 2315; baseline -0.002 -7"><span class='ocrx_word' id='word_1_261' title='bbox 313 2273 497 2311; x_wconf 85' lang='lat' dir='ltr'>4iussere.</span> <span class='ocrx_word' id='word_1_262' title='bbox 555 2272 731 2312; x_wconf 88' lang='lat' dir='ltr'>Dictator</span> <span class='ocrx_word' id='word_1_263' title='bbox 766 2272 1011 2311; x_wconf 86' lang='lat' dir='ltr'>Tusculanus</span> <span class='ocrx_word' id='word_1_264' title='bbox 1044 2271 1096 2308; x_wconf 85' lang='lat' dir='ltr'>ita</span> <span class='ocrx_word' id='word_1_265' title='bbox 1125 2270 1241 2307; x_wconf 86' lang='lat' dir='ltr'>verba</span> <span class='ocrx_word' id='word_1_266' title='bbox 1271 2269 1384 2307; x_wconf 86' lang='lat' dir='ltr'>fecit:</span> <span class='ocrx_word' id='word_1_267' title='bbox 1421 2267 1599 2315; x_wconf 88' lang='lat' dir='ltr'>‘Quibus</span> 
     </span>
    </p>
   </div>
  </div>
 </body>
</html>
