1637 2554
289 139 541 172 PROPOSED
571 139 867 171 MJGRATJON
893 139 951 171 ΤΟ
989 139 1104 170 VEJJ.
1243 143 1315 171 101

69 246 150 283 auri
172 245 305 283 foedus
326 258 370 282 ac
392 245 505 282 fidem
525 244 743 291 fefellerunt,
764 251 952 282 verterunt
972 251 1153 281 terrorem
1174 244 1318 294 sugam·
1335 253 1417 281 ac.
1434 254 1522 281 ³90.

69 324 144 361 que
168 318 204 348 ct
224 300 396 348 caedam.

68 417 76 431 ⁴
89 415 205 446 Public
219 415 290 444 and
302 414 436 455 private
456 414 532 445 ritcs
554 414 640 445 alt'ke
655 425 714 444 can
731 414 807 454 only
822 413 855 444 be
870 413 950 453 duly
964 412 1140 444 celebrated
1159 413 1242 443 herc.
1287 414 1322 444 lt
1335 412 1406 445 Ch.
1425 412 1488 445 52.

155 466 183 496 is
207 466 340 506 impicty
362 470 392 496 to
416 476 539 496 remove
566 466 618 496 the
638 465 715 505 gods
739 465 780 506 os
797 475 861 495 our
882 465 955 504 city,
979 475 1016 496 or
1040 469 1070 494 to
1093 464 1207 494 banislz
1235 464 1323 495 their

147 517 278 558 priests.
331 517 362 547 T
359 517 396 548 lle
424 516 576 557 auspices,
601 517 672 547 and
698 516 751 546 all
772 516 879 547 which
906 516 980 556 they
1005 516 1161 553 sanction,
1189 516 1264 546 will
1288 516 1322 546 bc

154 566 353 608 impossiblc.‘

123 638 132 654 ‘
146 635 255 673 Haec
271 635 360 673 culti
375 635 612 685 neglectique
627 635 794 672 numinis
813 642 918 673 tanta
932 642 1130 673 momenta
1149 636 1186 672 in
1206 637 1319 673 rebus
1334 645 1349 673 1

68 701 244 738 humanis
282 708 480 738 cernentes
518 701 655 750 ecquid
701 701 859 747 sentitis,
907 700 1085 747 Quirites,
1133 708 1318 750 quantum

68 766 223 803 vixdum
252 779 272 803 e
302 765 506 815 naufragiis
533 766 666 815 prioris
694 766 828 816 culpae
857 766 1051 816 cladisque
1080 774 1320 816 emergentes

69 843 245 882 paremus
281 830 415 868 nefas?
472 830 620 868 Urbem
657 832 854 880 auspicato
893 832 1193 881 inauguratoque
1225 836 1351 869 con-2

69 898 187 935 ditam
216 896 425 942 habemus;
455 896 580 933 nullus
608 897 716 934 locus
736 897 774 934 in
803 909 849 934 ea
878 910 957 935 non
977 897 1202 947 religionum
1227 897 1318 934 deo-

68 974 228 1011 rumque
249 968 303 999 est
324 961 460 1011 plenus
475 974 485 1008 ;
515 961 705 1000 sacrificiis
729 962 973 1000 sollemnibus
992 975 1070 1000 non
1100 963 1179 1000 dies
1198 963 1320 1011 magis

68 1028 154 1065 stati
183 1039 299 1077 quam
327 1026 413 1064 loca
441 1034 538 1073 sunt,
558 1028 596 1064 in
617 1028 756 1077 quibus
783 1028 887 1065 fiant.
944 1028 1031 1066 Hos
1060 1040 1196 1066 omnes
1225 1027 1349 1068 deos3

68 1093 243 1142 publicos
263 1092 515 1147 privatosque¹
529 1092 707 1144 Quirites²
729 1069 1367 1142 deserturiffi

68 1165 233 1195 vestrum
262 1157 402 1194 factum
421 1159 459 1194 ei
474 1164 540 1203 est,
561 1157 665 1207 quod
686 1158 724 1195 in
746 1159 946 1196 obsidione
966 1171 1086 1208 nuper
1105 1159 1143 1195 in
1163 1158 1319 1208 egregio

67 1223 316 1268 adolescente,
347 1222 390 1260 C.
421 1222 552 1268 Fabio,
582 1235 663 1260 non
691 1224 839 1261 minore
874 1224 1041 1261 hostium
1070 1224 1320 1261 admiratione

67 1301 185 1338 quam
208 1295 330 1326 vestra
357 1296 607 1338 conspectum
633 1295 700 1334 est,
721 1300 839 1337 quum
864 1289 958 1326 inter
985 1288 1133 1326 Gallica
1158 1288 1231 1325 tela
1255 1288 1320 1325 de-

67 1366 220 1403 gressus
242 1366 289 1391 ex
310 1365 395 1390 arce
425 1353 608 1390 sollemne
630 1353 770 1390 Fabiae
796 1355 919 1403 gentis
944 1354 982 1390 in
1012 1354 1109 1391 colle
1131 1353 1318 1400 Quirinali

67 1419 183 1457 obiit?
239 1419 302 1455 An
329 1418 518 1468 gentilicia
542 1431 649 1456 sacra
672 1431 719 1456 ne
743 1419 782 1455 in
808 1419 907 1456 bello
931 1419 1085 1468 quidem
1113 1418 1349 1462 intermitti,4

67 1484 218 1534 publica
238 1496 344 1521 sacra
363 1491 399 1521 et
419 1483 618 1522 Romanos
633 1484 727 1521 deos
739 1484 853 1521 etiam
873 1484 911 1520 in
931 1496 1027 1533 pace
1044 1484 1166 1520 deseri
1185 1483 1318 1532 placet,

67 1556 104 1586 et
132 1549 332 1599 pontifices
363 1549 614 1599 flaminesque
644 1549 937 1599 negligentiores
966 1548 1207 1598 publicarum
1234 1548 1320 1585 reli-

67 1615 227 1664 gionum
264 1626 357 1660 esse,
391 1626 507 1663 quam
546 1615 711 1664 privatus
750 1616 788 1651 in
822 1614 997 1651 sollemni
1028 1614 1150 1663 gentis
1183 1613 1319 1651 fuerit?

67 1679 242 1718 Forsitan
267 1679 402 1729 aliquis
428 1679 537 1725 dicat,
563 1686 627 1717 aut
653 1679 758 1717 Veiis
788 1691 834 1716 ea
859 1690 931 1716 nos
960 1679 1123 1717 facturos
1152 1686 1215 1717 aut
1243 1678 1351 1721 huc5

66 1747 156 1785 inde
188 1746 370 1784 missuros
408 1746 622 1784 sacerdotes
654 1753 817 1791 nostros,
849 1745 913 1796 qui
946 1744 1109 1791 faciant;
1155 1757 1318 1795 quorum

66 1820 243 1850 neutrum
259 1812 338 1849 fieri
354 1812 464 1849 salvis
477 1812 716 1849 caerimoniis
734 1817 868 1860 potest.
923 1809 973 1848 Et
988 1823 1037 1848 ne
1053 1811 1182 1848 omnia
1202 1823 1318 1860 gene·
1330 1812 1352 1845 6

66 1879 176 1916 ratim
209 1890 317 1916 sacra
351 1890 562 1927 omnesque
590 1889 838 1927 percenseam
867 1876 971 1922 deos,
1001 1877 1039 1913 in
1070 1876 1170 1913 onis
1203 1876 1318 1926 epulo

67 1956 160 1980 num
180 1943 269 1981 alibi
289 1955 404 1994 quam
420 1944 459 1980 in
472 1942 662 1993 Capitolio
683 1942 855 1991 pulvinar
874 1942 1013 1991 suscipi
1033 1943 1182 1991 potest?
1213 1941 1319 1989 Quid
1332 1942 1350 1976 7

67 2009 114 2047 de
140 2010 302 2047 aeternis
320 2009 461 2047 Vestae
484 2009 636 2058 ignibus
663 2008 862 2058 signoque,
882 2008 986 2058 quod
1008 2008 1154 2057 imperii
1180 2008 1319 2057 pignus

67 2074 240 2112 custodia
268 2074 348 2111 eius
377 2074 507 2122 templi
536 2081 695 2119 tenetur,
724 2073 888 2123 loquar?
936 2073 1028 2122 quid
1057 2073 1104 2110 de
1134 2072 1318 2110 ancilibus

66 2140 207 2185 vestris,
229 2138 335 2177 Mars
360 2138 524 2176 Gradive
545 2146 673 2188 tuque,
689 2138 849 2185 Quirine
868 2140 1003 2189 pater?
1062 2138 1171 2176 Haec
1191 2138 1320 2176 omnia

66 2206 107 2242 in
139 2194 304 2254 profano*
334 2205 456 2242 deseri
489 2204 613 2254 placet
644 2217 762 2250 sacra,
795 2204 967 2253 aequalia
999 2204 1094 2250 urbi,
1129 2203 1319 2252 quaedam

67 2270 269 2308 vetustiora
305 2269 450 2320 origine
487 2269 616 2307 urbis?
672 2268 722 2306 Et
751 2269 885 2314 videte,
914 2268 1005 2318 quid
1042 2268 1138 2305 inter
1169 2279 1241 2304 nos
1274 2278 1349 2308 aeg
