<?xml version="1.0" encoding="UTF-8"?>
<!DOCTYPE html PUBLIC "-//W3C//DTD XHTML 1.0 Transitional//EN"
    "http://www.w3.org/TR/xhtml1/DTD/xhtml1-transitional.dtd">
<html xmlns="http://www.w3.org/1999/xhtml" xml:lang="en" lang="en">
 <head>
  <title>
</title>
<meta http-equiv="Content-Type" content="text/html;charset=utf-8" />
  <meta name='ocr-system' content='tesseract 3.04.00' />
  <meta name='ocr-capabilities' content='ocr_page ocr_carea ocr_par ocr_line ocrx_word'/>
</head>
<body>
  <div class='ocr_page' id='page_1' title='image "./booksvvivii00livyuoft_0142.png"; bbox 0 0 1670 2532; ppageno 0'>
   <div class='ocr_carea' id='block_1_1' title="bbox 291 99 1164 150">
    <p class='ocr_par' dir='ltr' id='par_1_1' title="bbox 291 99 1164 150">
     <span class='ocr_line' id='line_1_1' title="bbox 291 99 1164 150; baseline -0.002 -8"><span class='ocrx_word' id='word_1_1' title='bbox 291 102 371 142; x_wconf 89' lang='lat'>116</span> <span class='ocrx_word' id='word_1_2' title='bbox 661 110 793 150; x_wconf 68' lang='lat' dir='ltr'><em>LJVY,</em></span> <span class='ocrx_word' id='word_1_3' title='bbox 823 109 960 141; x_wconf 79' lang='lat' dir='ltr'><em>BOOK</em></span> <span class='ocrx_word' id='word_1_4' title='bbox 984 110 1042 140; x_wconf 79' lang='lat' dir='ltr'>VJ.</span> <span class='ocrx_word' id='word_1_5' title='bbox 1067 99 1164 141; x_wconf 94' lang='lat'><strong>6-8.</strong></span> 
     </span>
    </p>
   </div>
   <div class='ocr_carea' id='block_1_2' title="bbox 86 216 1544 450">
    <p class='ocr_par' dir='ltr' id='par_1_2' title="bbox 86 216 1544 450">
     <span class='ocr_line' id='line_1_2' title="bbox 86 216 1544 266; baseline -0.002 -10"><span class='ocrx_word' id='word_1_6' title='bbox 86 227 168 256; x_wconf 58' lang='lat' dir='ltr'>nc.</span> <span class='ocrx_word' id='word_1_7' title='bbox 185 217 380 255; x_wconf 57' lang='lat' dir='ltr'>:natales</span> <span class='ocrx_word' id='word_1_8' title='bbox 400 217 498 255; x_wconf 86' lang='lat' dir='ltr'>viros</span> <span class='ocrx_word' id='word_1_9' title='bbox 522 217 559 253; x_wconf 89' lang='lat' dir='ltr'>in</span> <span class='ocrx_word' id='word_1_10' title='bbox 584 217 806 266; x_wconf 83' lang='lat' dir='ltr'>magistratu</span> <span class='ocrx_word' id='word_1_11' title='bbox 833 216 981 262; x_wconf 85' lang='lat' dir='ltr'>habeat,</span> <span class='ocrx_word' id='word_1_12' title='bbox 1009 224 1087 254; x_wconf 78' lang='lat' dir='ltr'>tam</span> <span class='ocrx_word' id='word_1_13' title='bbox 1115 216 1366 255; x_wconf 86' lang='lat' dir='ltr'>concordibus</span> <span class='ocrx_word' id='word_1_14' title='bbox 1393 217 1544 254; x_wconf 86' lang='lat' dir='ltr'>iunctos</span> 
     </span>
     <span class='ocr_line' id='line_1_3' title="bbox 288 281 1542 331; baseline -0.001 -12"><span class='ocrx_word' id='word_1_15' title='bbox 288 283 431 327; x_wconf 88' lang='lat' dir='ltr'>animis,</span> <span class='ocrx_word' id='word_1_16' title='bbox 463 294 593 331; x_wconf 85' lang='lat' dir='ltr'>parere</span> <span class='ocrx_word' id='word_1_17' title='bbox 627 290 741 331; x_wconf 83' lang='lat' dir='ltr'>atque</span> <span class='ocrx_word' id='word_1_18' title='bbox 770 282 954 330; x_wconf 89' lang='lat' dir='ltr'>imperare</span> <span class='ocrx_word' id='word_1_19' title='bbox 988 283 1092 319; x_wconf 80' lang='lat' dir='ltr'>iuxta</span> <span class='ocrx_word' id='word_1_20' title='bbox 1127 289 1281 331; x_wconf 85' lang='lat' dir='ltr'>paratos</span> <span class='ocrx_word' id='word_1_21' title='bbox 1313 281 1542 331; x_wconf 81' lang='lat' dir='ltr'>laudemque</span> 
     </span>
     <span class='ocr_line' id='line_1_4' title="bbox 288 346 1544 396; baseline -0.001 -12"><span class='ocrx_word' id='word_1_22' title='bbox 288 347 526 385; x_wconf 89' lang='lat' dir='ltr'>conferentes</span> <span class='ocrx_word' id='word_1_23' title='bbox 555 348 681 396; x_wconf 86' lang='lat' dir='ltr'>potius</span> <span class='ocrx_word' id='word_1_24' title='bbox 712 347 750 383; x_wconf 86' lang='lat' dir='ltr'>in</span> <span class='ocrx_word' id='word_1_25' title='bbox 779 346 947 384; x_wconf 88' lang='lat' dir='ltr'>medium</span> <span class='ocrx_word' id='word_1_26' title='bbox 978 359 1094 396; x_wconf 83' lang='lat' dir='ltr'>quam</span> <span class='ocrx_word' id='word_1_27' title='bbox 1123 359 1169 384; x_wconf 85' lang='lat' dir='ltr'>ex</span> <span class='ocrx_word' id='word_1_28' title='bbox 1200 346 1396 384; x_wconf 92' lang='lat' dir='ltr'>communi</span> <span class='ocrx_word' id='word_1_29' title='bbox 1425 346 1475 383; x_wconf 91' lang='lat' dir='ltr'>ad</span> <span class='ocrx_word' id='word_1_30' title='bbox 1504 358 1544 383; x_wconf 88' lang='lat' dir='ltr'>se</span> 
     </span>
     <span class='ocr_line' id='line_1_5' title="bbox 289 413 491 450; baseline -0.005 0"><span class='ocrx_word' id='word_1_31' title='bbox 289 413 491 450; x_wconf 85' lang='lat' dir='ltr'>trahentes.</span> 
     </span>
    </p>
   </div>
   <div class='ocr_carea' id='block_1_3' title="bbox 144 506 1545 650">
    <p class='ocr_par' dir='ltr' id='par_1_3' title="bbox 144 506 1545 650">
     <span class='ocr_line' id='line_1_6' title="bbox 144 506 1544 546; baseline -0.001 -8"><span class='ocrx_word' id='word_1_32' title='bbox 144 509 216 542; x_wconf 83' lang='lat' dir='ltr'>Ch,</span> <span class='ocrx_word' id='word_1_33' title='bbox 239 509 273 543; x_wconf 90' lang='grc'>7,</span> <span class='ocrx_word' id='word_1_34' title='bbox 291 511 306 546; x_wconf 68' lang='grc' dir='ltr'><strong>ξ</strong></span> <span class='ocrx_word' id='word_1_35' title='bbox 329 517 353 539; x_wconf 92' lang='lat'>1.</span> <span class='ocrx_word' id='word_1_36' title='bbox 382 508 544 539; x_wconf 76' lang='lat' dir='ltr'><em>Camillus</em></span> <span class='ocrx_word' id='word_1_37' title='bbox 556 507 627 538; x_wconf 78' lang='lat' dir='ltr'>and</span> <span class='ocrx_word' id='word_1_38' title='bbox 640 507 792 537; x_wconf 71' lang='lat' dir='ltr'>Valerius</span> <span class='ocrx_word' id='word_1_39' title='bbox 805 507 916 537; x_wconf 75' lang='lat' dir='ltr'>march</span> <span class='ocrx_word' id='word_1_40' title='bbox 935 512 964 538; x_wconf 84' lang='lat' dir='ltr'>lo</span> <span class='ocrx_word' id='word_1_41' title='bbox 977 508 1145 538; x_wconf 70' lang='lat' dir='ltr'>Satricum</span> <span class='ocrx_word' id='word_1_42' title='bbox 1158 507 1290 545; x_wconf 57' lang='lat' dir='ltr'>against</span> <span class='ocrx_word' id='word_1_43' title='bbox 1301 507 1354 538; x_wconf 74' lang='lat' dir='ltr'>the</span> <span class='ocrx_word' id='word_1_44' title='bbox 1370 506 1544 541; x_wconf 42' lang='lat' dir='ltr'>lf&#39;olscians.</span> 
     </span>
     <span class='ocr_line' id='line_1_7' title="bbox 375 558 1545 598; baseline -0.003 -8"><span class='ocrx_word' id='word_1_45' title='bbox 375 560 445 590; x_wconf 67' lang='lat' dir='ltr'>who</span> <span class='ocrx_word' id='word_1_46' title='bbox 468 569 526 590; x_wconf 81' lang='lat' dir='ltr'>arc</span> <span class='ocrx_word' id='word_1_47' title='bbox 549 559 646 589; x_wconf 67' lang='lat' dir='ltr'>aidcd</span> <span class='ocrx_word' id='word_1_48' title='bbox 665 558 703 598; x_wconf 79' lang='lat' dir='ltr'>hy</span> <span class='ocrx_word' id='word_1_49' title='bbox 718 558 770 588; x_wconf 78' lang='lat' dir='ltr'>lltc</span> <span class='ocrx_word' id='word_1_50' title='bbox 791 559 981 589; x_wconf 63' lang='lat' dir='ltr'>flcrm’sans</span> <span class='ocrx_word' id='word_1_51' title='bbox 1000 559 1070 589; x_wconf 71' lang='lat' dir='ltr'>ancl</span> <span class='ocrx_word' id='word_1_52' title='bbox 1089 559 1219 590; x_wconf 74' lang='lat' dir='ltr'>Lale&#39;ns.</span> <span class='ocrx_word' id='word_1_53' title='bbox 1289 561 1304 596; x_wconf 70' lang='grc' dir='ltr'><strong>ξ</strong></span> <span class='ocrx_word' id='word_1_54' title='bbox 1324 568 1352 598; x_wconf 81' lang='lat'>3.</span> <span class='ocrx_word' id='word_1_55' title='bbox 1383 558 1545 590; x_wconf 83' lang='lat' dir='ltr'><em>Camillus</em></span> 
     </span>
     <span class='ocr_line' id='line_1_8' title="bbox 374 609 982 650; baseline 0.002 -10"><span class='ocrx_word' id='word_1_56' title='bbox 374 620 564 650; x_wconf 68' lang='lat' dir='ltr'>em‘ourages</span> <span class='ocrx_word' id='word_1_57' title='bbox 587 610 640 640; x_wconf 63' lang='lat' dir='ltr'><em>llis</em></span> <span class='ocrx_word' id='word_1_58' title='bbox 662 609 854 650; x_wconf 66' lang='lat' dir='ltr'>despondent</span> <span class='ocrx_word' id='word_1_59' title='bbox 875 621 982 650; x_wconf 77' lang='lat' dir='ltr'>army.</span> 
     </span>
    </p>
   </div>
   <div class='ocr_carea' id='block_1_4' title="bbox 258 677 1547 2298">
    <p class='ocr_par' dir='ltr' id='par_1_4' title="bbox 258 677 1546 988">
     <span class='ocr_line' id='line_1_9' title="bbox 258 677 1545 726; baseline -0.002 -10"><span class='ocrx_word' id='word_1_60' title='bbox 258 688 273 716; x_wconf 84' lang='lat'>1</span> <span class='ocrx_word' id='word_1_61' title='bbox 344 678 491 715; x_wconf 88' lang='lat' dir='ltr'>Iustitio</span> <span class='ocrx_word' id='word_1_62' title='bbox 521 677 664 714; x_wconf 89' lang='lat' dir='ltr'>indicto</span> <span class='ocrx_word' id='word_1_63' title='bbox 698 677 912 726; x_wconf 89' lang='lat' dir='ltr'>dilectuque</span> <span class='ocrx_word' id='word_1_64' title='bbox 948 677 1090 723; x_wconf 83' lang='lat' dir='ltr'>habito,</span> <span class='ocrx_word' id='word_1_65' title='bbox 1123 677 1258 714; x_wconf 85' lang='lat' dir='ltr'>Furius</span> <span class='ocrx_word' id='word_1_66' title='bbox 1293 689 1338 715; x_wconf 86' lang='lat' dir='ltr'>ae</span> <span class='ocrx_word' id='word_1_67' title='bbox 1368 677 1545 715; x_wconf 83' lang='lat' dir='ltr'>Valerius</span> 
     </span>
     <span class='ocr_line' id='line_1_10' title="bbox 290 736 1544 791; baseline -0.001 -11"><span class='ocrx_word' id='word_1_68' title='bbox 290 744 339 781; x_wconf 80' lang='lat' dir='ltr'>ad</span> <span class='ocrx_word' id='word_1_69' title='bbox 361 736 546 780; x_wconf 76' lang='lat' dir='ltr'>Satricum</span> <span class='ocrx_word' id='word_1_70' title='bbox 571 742 742 791; x_wconf 87' lang='lat' dir='ltr'>profecti,</span> <span class='ocrx_word' id='word_1_71' title='bbox 765 754 842 791; x_wconf 85' lang='lat' dir='ltr'>quo</span> <span class='ocrx_word' id='word_1_72' title='bbox 870 755 949 780; x_wconf 93' lang='lat' dir='ltr'>non</span> <span class='ocrx_word' id='word_1_73' title='bbox 970 743 1201 780; x_wconf 88' lang='lat' dir='ltr'>Volscorum</span> <span class='ocrx_word' id='word_1_74' title='bbox 1229 743 1348 780; x_wconf 89' lang='lat' dir='ltr'>modo</span> <span class='ocrx_word' id='word_1_75' title='bbox 1374 743 1544 780; x_wconf 91' lang='lat' dir='ltr'>iuventu-</span> 
     </span>
     <span class='ocr_line' id='line_1_11' title="bbox 290 808 1546 857; baseline -0.001 -12"><span class='ocrx_word' id='word_1_76' title='bbox 290 818 366 845; x_wconf 88' lang='lat' dir='ltr'>tem</span> <span class='ocrx_word' id='word_1_77' title='bbox 387 809 562 845; x_wconf 83' lang='lat' dir='ltr'>Antiates</span> <span class='ocrx_word' id='word_1_78' title='bbox 583 820 630 845; x_wconf 82' lang='lat' dir='ltr'>ex</span> <span class='ocrx_word' id='word_1_79' title='bbox 651 820 751 845; x_wconf 79' lang='lat' dir='ltr'>nova</span> <span class='ocrx_word' id='word_1_80' title='bbox 771 808 903 845; x_wconf 89' lang='lat' dir='ltr'>subole</span> <span class='ocrx_word' id='word_1_81' title='bbox 929 809 1075 853; x_wconf 86' lang='lat' dir='ltr'>lectam,</span> <span class='ocrx_word' id='word_1_82' title='bbox 1099 809 1165 845; x_wconf 85' lang='lat' dir='ltr'>sed</span> <span class='ocrx_word' id='word_1_83' title='bbox 1193 809 1390 857; x_wconf 84' lang='lat' dir='ltr'>ingentem</span> <span class='ocrx_word' id='word_1_84' title='bbox 1414 808 1546 845; x_wconf 86' lang='lat' dir='ltr'>Latin-</span> 
     </span>
     <span class='ocr_line' id='line_1_12' title="bbox 290 874 1546 922; baseline 0.001 -12"><span class='ocrx_word' id='word_1_85' title='bbox 290 886 399 911; x_wconf 90' lang='lat' dir='ltr'>orum</span> <span class='ocrx_word' id='word_1_86' title='bbox 441 874 775 922; x_wconf 82' lang='lat' dir='ltr'>Hernicorumque</span> <span class='ocrx_word' id='word_1_87' title='bbox 814 875 887 910; x_wconf 77' lang='lat' dir='ltr'>vz&#39;m</span> <span class='ocrx_word' id='word_1_88' title='bbox 927 875 1168 911; x_wconf 80' lang='lat' dir='ltr'>conciverant</span> <span class='ocrx_word' id='word_1_89' title='bbox 1207 886 1254 910; x_wconf 81' lang='lat' dir='ltr'>ex</span> <span class='ocrx_word' id='word_1_90' title='bbox 1294 874 1546 922; x_wconf 81' lang='lat' dir='ltr'>integerrimis</span> 
     </span>
     <span class='ocr_line' id='line_1_13' title="bbox 291 939 1546 988; baseline -0.001 -12"><span class='ocrx_word' id='word_1_91' title='bbox 291 939 433 976; x_wconf 83' lang='lat' dir='ltr'>diutina</span> <span class='ocrx_word' id='word_1_92' title='bbox 454 951 548 988; x_wconf 89' lang='lat' dir='ltr'>pace</span> <span class='ocrx_word' id='word_1_93' title='bbox 570 939 730 987; x_wconf 85' lang='lat' dir='ltr'>populis.</span> <span class='ocrx_word' id='word_1_94' title='bbox 777 939 911 988; x_wconf 86' lang='lat' dir='ltr'>Itaque</span> <span class='ocrx_word' id='word_1_95' title='bbox 931 951 1052 976; x_wconf 89' lang='lat' dir='ltr'>novus</span> <span class='ocrx_word' id='word_1_96' title='bbox 1073 939 1192 976; x_wconf 87' lang='lat' dir='ltr'>hostis</span> <span class='ocrx_word' id='word_1_97' title='bbox 1213 939 1325 976; x_wconf 84' lang='lat' dir='ltr'>veteri</span> <span class='ocrx_word' id='word_1_98' title='bbox 1347 939 1546 979; x_wconf 86' lang='lat' dir='ltr'>adiunctus</span> 
     </span>
    </p>

    <p class='ocr_par' dir='ltr' id='par_1_5' title="bbox 258 1003 1546 1447">
     <span class='ocr_line' id='line_1_14' title="bbox 258 1003 1546 1050; baseline -0.002 -7"><span class='ocrx_word' id='word_1_99' title='bbox 258 1005 498 1043; x_wconf 79' lang='lat' dir='ltr'>2commovit</span> <span class='ocrx_word' id='word_1_100' title='bbox 519 1005 669 1041; x_wconf 86' lang='lat' dir='ltr'>animos</span> <span class='ocrx_word' id='word_1_101' title='bbox 694 1003 822 1041; x_wconf 88' lang='lat' dir='ltr'>militis</span> <span class='ocrx_word' id='word_1_102' title='bbox 846 1004 1025 1041; x_wconf 84' lang='lat' dir='ltr'>Romani.</span> <span class='ocrx_word' id='word_1_103' title='bbox 1083 1004 1202 1050; x_wconf 85' lang='lat' dir='ltr'>Quod</span> <span class='ocrx_word' id='word_1_104' title='bbox 1229 1005 1293 1042; x_wconf 91' lang='lat' dir='ltr'>ubi</span> <span class='ocrx_word' id='word_1_105' title='bbox 1320 1004 1442 1041; x_wconf 83' lang='lat' dir='ltr'>aciem</span> <span class='ocrx_word' id='word_1_106' title='bbox 1469 1004 1546 1040; x_wconf 85' lang='lat' dir='ltr'>iam</span> 
     </span>
     <span class='ocr_line' id='line_1_15' title="bbox 290 1069 1546 1114; baseline -0.001 -7"><span class='ocrx_word' id='word_1_107' title='bbox 290 1070 489 1107; x_wconf 81' lang='lat' dir='ltr'>instruenti</span> <span class='ocrx_word' id='word_1_108' title='bbox 533 1069 696 1107; x_wconf 83' lang='lat' dir='ltr'>Camillo</span> <span class='ocrx_word' id='word_1_109' title='bbox 739 1070 979 1107; x_wconf 84' lang='lat' dir='ltr'>centuriones</span> <span class='ocrx_word' id='word_1_110' title='bbox 1019 1070 1339 1114; x_wconf 78' lang='lat' dir='ltr'>renuntiaverunt,</span> <span class='ocrx_word' id='word_1_111' title='bbox 1379 1070 1546 1106; x_wconf 81' lang='lat' dir='ltr'>turbatas</span> 
     </span>
     <span class='ocr_line' id='line_1_16' title="bbox 289 1134 1546 1184; baseline 0 -12"><span class='ocrx_word' id='word_1_112' title='bbox 289 1136 450 1172; x_wconf 88' lang='lat' dir='ltr'>militum</span> <span class='ocrx_word' id='word_1_113' title='bbox 466 1142 615 1172; x_wconf 85' lang='lat' dir='ltr'>mentes</span> <span class='ocrx_word' id='word_1_114' title='bbox 630 1147 724 1179; x_wconf 89' lang='lat' dir='ltr'>esse,</span> <span class='ocrx_word' id='word_1_115' title='bbox 741 1135 906 1184; x_wconf 81' lang='lat' dir='ltr'>segniter</span> <span class='ocrx_word' id='word_1_116' title='bbox 922 1147 1026 1172; x_wconf 79' lang='lat' dir='ltr'>arma</span> <span class='ocrx_word' id='word_1_117' title='bbox 1042 1142 1163 1184; x_wconf 83' lang='lat' dir='ltr'>capta,</span> <span class='ocrx_word' id='word_1_118' title='bbox 1178 1134 1546 1184; x_wconf 85' lang='lat' dir='ltr'>cunctabundosque</span> 
     </span>
     <span class='ocr_line' id='line_1_17' title="bbox 289 1200 1546 1249; baseline -0.002 -12"><span class='ocrx_word' id='word_1_119' title='bbox 289 1207 325 1237; x_wconf 91' lang='lat' dir='ltr'>et</span> <span class='ocrx_word' id='word_1_120' title='bbox 360 1201 573 1238; x_wconf 77' lang='lat' dir='ltr'>restitantes</span> <span class='ocrx_word' id='word_1_121' title='bbox 611 1212 784 1248; x_wconf 86' lang='lat' dir='ltr'>egressos</span> <span class='ocrx_word' id='word_1_122' title='bbox 824 1201 954 1238; x_wconf 87' lang='lat' dir='ltr'>castris</span> <span class='ocrx_word' id='word_1_123' title='bbox 984 1212 1078 1245; x_wconf 88' lang='lat' dir='ltr'>esse,</span> <span class='ocrx_word' id='word_1_124' title='bbox 1113 1200 1207 1249; x_wconf 89' lang='lat' dir='ltr'>quin</span> <span class='ocrx_word' id='word_1_125' title='bbox 1240 1212 1353 1237; x_wconf 91' lang='lat' dir='ltr'>voces</span> <span class='ocrx_word' id='word_1_126' title='bbox 1391 1210 1546 1249; x_wconf 90' lang='lat' dir='ltr'>quoque</span> 
     </span>
     <span class='ocr_line' id='line_1_18' title="bbox 291 1266 1546 1316; baseline -0.001 -13"><span class='ocrx_word' id='word_1_127' title='bbox 291 1266 451 1311; x_wconf 80' lang='lat' dir='ltr'>auditas,</span> <span class='ocrx_word' id='word_1_128' title='bbox 483 1278 572 1304; x_wconf 89' lang='lat' dir='ltr'>cum</span> <span class='ocrx_word' id='word_1_129' title='bbox 607 1267 778 1304; x_wconf 86' lang='lat' dir='ltr'>centenis</span> <span class='ocrx_word' id='word_1_130' title='bbox 812 1266 987 1304; x_wconf 86' lang='lat' dir='ltr'>hostibus</span> <span class='ocrx_word' id='word_1_131' title='bbox 1021 1266 1192 1316; x_wconf 86' lang='lat' dir='ltr'>singulos</span> <span class='ocrx_word' id='word_1_132' title='bbox 1226 1271 1474 1315; x_wconf 82' lang='lat' dir='ltr'>pugnaturos,</span> <span class='ocrx_word' id='word_1_133' title='bbox 1509 1272 1546 1302; x_wconf 87' lang='lat' dir='ltr'>et</span> 
     </span>
     <span class='ocr_line' id='line_1_19' title="bbox 291 1332 1545 1379; baseline 0 -11"><span class='ocrx_word' id='word_1_134' title='bbox 291 1344 403 1379; x_wconf 82' lang='lat' dir='ltr'>aegre</span> <span class='ocrx_word' id='word_1_135' title='bbox 438 1332 625 1368; x_wconf 84' lang='lat' dir='ltr'>inermem</span> <span class='ocrx_word' id='word_1_136' title='bbox 660 1338 805 1369; x_wconf 78' lang='lat' dir='ltr'>tantam</span> <span class='ocrx_word' id='word_1_137' title='bbox 838 1332 1132 1378; x_wconf 87' lang='lat' dir='ltr'>multitudinem,</span> <span class='ocrx_word' id='word_1_138' title='bbox 1169 1332 1312 1369; x_wconf 91' lang='lat' dir='ltr'>nedum</span> <span class='ocrx_word' id='word_1_139' title='bbox 1347 1337 1545 1377; x_wconf 86' lang='lat' dir='ltr'>armatam,</span> 
     </span>
     <span class='ocr_line' id='line_1_20' title="bbox 292 1384 1546 1447; baseline -0.001 -13"><span class='ocrx_word' id='word_1_140' title='bbox 292 1397 465 1434; x_wconf 86' lang='lat' dir='ltr'>sustineri</span> <span class='ocrx_word' id='word_1_141' title='bbox 486 1410 611 1446; x_wconf 83' lang='lat' dir='ltr'>posse,</span> <span class='ocrx_word' id='word_1_142' title='bbox 633 1397 671 1434; x_wconf 87' lang='lat' dir='ltr'>in</span> <span class='ocrx_word' id='word_1_143' title='bbox 691 1409 834 1447; x_wconf 86' lang='lat' dir='ltr'>equum</span> <span class='ocrx_word' id='word_1_144' title='bbox 855 1398 967 1435; x_wconf 91' lang='lat' dir='ltr'>insilit</span> <span class='ocrx_word' id='word_1_145' title='bbox 988 1405 1024 1435; x_wconf 88' lang='lat' dir='ltr'>et</span> <span class='ocrx_word' id='word_1_146' title='bbox 1045 1405 1132 1435; x_wconf 86' lang='lat' dir='ltr'>ante</span> <span class='ocrx_word' id='word_1_147' title='bbox 1154 1398 1274 1446; x_wconf 79' lang='lat' dir='ltr'>signa,</span> <span class='ocrx_word' id='word_1_148' title='bbox 1297 1384 1480 1435; x_wconf 78' lang='lat' dir='ltr'>obversus</span> <span class='ocrx_word' id='word_1_149' title='bbox 1508 1397 1546 1433; x_wconf 90' lang='lat' dir='ltr'>in</span> 
     </span>
    </p>

    <p class='ocr_par' dir='ltr' id='par_1_6' title="bbox 258 1461 1547 2298">
     <span class='ocr_line' id='line_1_21' title="bbox 260 1461 1546 1513; baseline -0.002 -12"><span class='ocrx_word' id='word_1_150' title='bbox 260 1463 424 1507; x_wconf 89' lang='lat' dir='ltr'>3aciem,</span> <span class='ocrx_word' id='word_1_151' title='bbox 445 1462 599 1500; x_wconf 81' lang='lat' dir='ltr'>ordines</span> <span class='ocrx_word' id='word_1_152' title='bbox 615 1463 908 1513; x_wconf 79' lang='lat' dir='ltr'>interequitans</span> <span class='ocrx_word' id='word_1_153' title='bbox 941 1462 1078 1509; x_wconf 83' lang='lat' dir='ltr'>·Quae</span> <span class='ocrx_word' id='word_1_154' title='bbox 1100 1463 1257 1508; x_wconf 87' lang='lat' dir='ltr'>tristitia</span> <span class='ocrx_word' id='word_1_155' title='bbox 1273 1462 1421 1508; x_wconf 91' lang='lat' dir='ltr'>milites,</span> <span class='ocrx_word' id='word_1_156' title='bbox 1442 1461 1546 1507; x_wconf 89' lang='lat' dir='ltr'>haec,</span> 
     </span>
     <span class='ocr_line' id='line_1_22' title="bbox 291 1528 1547 1577; baseline 0.001 -13"><span class='ocrx_word' id='word_1_157' title='bbox 291 1540 389 1577; x_wconf 88' lang='lat' dir='ltr'>quae</span> <span class='ocrx_word' id='word_1_158' title='bbox 424 1528 576 1565; x_wconf 85' lang='lat' dir='ltr'>insolita</span> <span class='ocrx_word' id='word_1_159' title='bbox 614 1530 806 1566; x_wconf 85' lang='lat' dir='ltr'>cunctatio</span> <span class='ocrx_word' id='word_1_160' title='bbox 844 1530 928 1566; x_wconf 87' lang='lat' dir='ltr'>est?</span> <span class='ocrx_word' id='word_1_161' title='bbox 998 1529 1163 1566; x_wconf 87' lang='lat' dir='ltr'>Hostem</span> <span class='ocrx_word' id='word_1_162' title='bbox 1202 1540 1251 1565; x_wconf 82' lang='lat' dir='ltr'>an</span> <span class='ocrx_word' id='word_1_163' title='bbox 1290 1540 1352 1566; x_wconf 89' lang='lat' dir='ltr'>me</span> <span class='ocrx_word' id='word_1_164' title='bbox 1391 1540 1440 1564; x_wconf 85' lang='lat' dir='ltr'>an</span> <span class='ocrx_word' id='word_1_165' title='bbox 1478 1539 1547 1565; x_wconf 87' lang='lat' dir='ltr'>vos</span> 
     </span>
     <span class='ocr_line' id='line_1_23' title="bbox 291 1593 1547 1644; baseline 0 -14"><span class='ocrx_word' id='word_1_166' title='bbox 291 1594 499 1642; x_wconf 87' lang='lat' dir='ltr'>ignoratis?</span> <span class='ocrx_word' id='word_1_167' title='bbox 557 1594 692 1632; x_wconf 89' lang='lat' dir='ltr'>Hostis</span> <span class='ocrx_word' id='word_1_168' title='bbox 715 1602 770 1632; x_wconf 90' lang='lat' dir='ltr'>est</span> <span class='ocrx_word' id='word_1_169' title='bbox 798 1595 891 1644; x_wconf 92' lang='lat' dir='ltr'>quid</span> <span class='ocrx_word' id='word_1_170' title='bbox 914 1594 1016 1632; x_wconf 84' lang='lat' dir='ltr'>aliud</span> <span class='ocrx_word' id='word_1_171' title='bbox 1040 1606 1155 1644; x_wconf 79' lang='lat' dir='ltr'>quam</span> <span class='ocrx_word' id='word_1_172' title='bbox 1182 1600 1364 1643; x_wconf 84' lang='lat' dir='ltr'>perpetua</span> <span class='ocrx_word' id='word_1_173' title='bbox 1388 1593 1547 1630; x_wconf 84' lang='lat' dir='ltr'>materia</span> 
     </span>
     <span class='ocr_line' id='line_1_24' title="bbox 260 1659 1546 1709; baseline 0.001 -15"><span class='ocrx_word' id='word_1_174' title='bbox 260 1659 435 1696; x_wconf 87' lang='lat' dir='ltr'>4virtutis</span> <span class='ocrx_word' id='word_1_175' title='bbox 468 1659 688 1709; x_wconf 86' lang='lat' dir='ltr'>gloriaeque</span> <span class='ocrx_word' id='word_1_176' title='bbox 723 1662 894 1698; x_wconf 83' lang='lat' dir='ltr'>vestrae?</span> <span class='ocrx_word' id='word_1_177' title='bbox 963 1660 1046 1697; x_wconf 89' lang='lat' dir='ltr'>Vos</span> <span class='ocrx_word' id='word_1_178' title='bbox 1084 1667 1218 1697; x_wconf 89' lang='lat' dir='ltr'>contra</span> <span class='ocrx_word' id='word_1_179' title='bbox 1256 1671 1318 1697; x_wconf 92' lang='lat' dir='ltr'>me</span> <span class='ocrx_word' id='word_1_180' title='bbox 1357 1659 1466 1705; x_wconf 89' lang='lat' dir='ltr'>duce,</span> <span class='ocrx_word' id='word_1_181' title='bbox 1505 1665 1546 1696; x_wconf 90' lang='lat' dir='ltr'>ut</span> 
     </span>
     <span class='ocr_line' id='line_1_25' title="bbox 293 1724 1547 1775; baseline 0.002 -15"><span class='ocrx_word' id='word_1_182' title='bbox 293 1724 459 1761; x_wconf 84' lang='lat' dir='ltr'>Falerios</span> <span class='ocrx_word' id='word_1_183' title='bbox 493 1724 688 1774; x_wconf 88' lang='lat' dir='ltr'>Veiosque</span> <span class='ocrx_word' id='word_1_184' title='bbox 727 1733 858 1775; x_wconf 80' lang='lat' dir='ltr'>captos</span> <span class='ocrx_word' id='word_1_185' title='bbox 897 1733 935 1763; x_wconf 90' lang='lat' dir='ltr'>et</span> <span class='ocrx_word' id='word_1_186' title='bbox 974 1726 1011 1762; x_wconf 87' lang='lat' dir='ltr'>in</span> <span class='ocrx_word' id='word_1_187' title='bbox 1045 1732 1155 1774; x_wconf 80' lang='lat' dir='ltr'>capta</span> <span class='ocrx_word' id='word_1_188' title='bbox 1190 1725 1310 1774; x_wconf 86' lang='lat' dir='ltr'>patria</span> <span class='ocrx_word' id='word_1_189' title='bbox 1345 1724 1547 1762; x_wconf 86' lang='lat' dir='ltr'>Gallorum</span> 
     </span>
     <span class='ocr_line' id='line_1_26' title="bbox 291 1789 1546 1839; baseline 0 -13"><span class='ocrx_word' id='word_1_190' title='bbox 291 1789 463 1838; x_wconf 86' lang='lat' dir='ltr'>legiones</span> <span class='ocrx_word' id='word_1_191' title='bbox 493 1803 624 1828; x_wconf 82' lang='lat' dir='ltr'>caesas</span> <span class='ocrx_word' id='word_1_192' title='bbox 654 1798 813 1837; x_wconf 84' lang='lat' dir='ltr'>taceam,</span> <span class='ocrx_word' id='word_1_193' title='bbox 844 1791 963 1829; x_wconf 91' lang='lat' dir='ltr'>modo</span> <span class='ocrx_word' id='word_1_194' title='bbox 993 1792 1218 1839; x_wconf 82' lang='lat' dir='ltr'>trigeminae</span> <span class='ocrx_word' id='word_1_195' title='bbox 1248 1790 1424 1827; x_wconf 85' lang='lat' dir='ltr'>victoriae</span> <span class='ocrx_word' id='word_1_196' title='bbox 1454 1790 1546 1839; x_wconf 89' lang='lat' dir='ltr'>trip-</span> 
     </span>
     <span class='ocr_line' id='line_1_27' title="bbox 290 1854 1545 1906; baseline 0.001 -15"><span class='ocrx_word' id='word_1_197' title='bbox 290 1854 402 1892; x_wconf 90' lang='lat' dir='ltr'>licem</span> <span class='ocrx_word' id='word_1_198' title='bbox 439 1856 674 1905; x_wconf 89' lang='lat' dir='ltr'>triumphum</span> <span class='ocrx_word' id='word_1_199' title='bbox 707 1869 754 1894; x_wconf 84' lang='lat' dir='ltr'>ex</span> <span class='ocrx_word' id='word_1_200' title='bbox 789 1857 848 1894; x_wconf 89' lang='lat' dir='ltr'>his</span> <span class='ocrx_word' id='word_1_201' title='bbox 887 1857 977 1906; x_wconf 85' lang='lat' dir='ltr'>ipsis</span> <span class='ocrx_word' id='word_1_202' title='bbox 1006 1856 1155 1894; x_wconf 89' lang='lat' dir='ltr'>Volscis</span> <span class='ocrx_word' id='word_1_203' title='bbox 1189 1863 1223 1892; x_wconf 91' lang='lat' dir='ltr'>et</span> <span class='ocrx_word' id='word_1_204' title='bbox 1259 1855 1403 1905; x_wconf 80' lang='lat' dir='ltr'>Aequis</span> <span class='ocrx_word' id='word_1_205' title='bbox 1432 1861 1468 1892; x_wconf 87' lang='lat' dir='ltr'>et</span> <span class='ocrx_word' id='word_1_206' title='bbox 1497 1867 1545 1893; x_wconf 87' lang='lat' dir='ltr'>ex</span> 
     </span>
     <span class='ocr_line' id='line_1_28' title="bbox 259 1919 1546 1971; baseline -0.001 -14"><span class='ocrx_word' id='word_1_207' title='bbox 259 1920 440 1958; x_wconf 84' lang='lat' dir='ltr'>5Etruria</span> <span class='ocrx_word' id='word_1_208' title='bbox 471 1922 610 1970; x_wconf 87' lang='lat' dir='ltr'>egistis.</span> <span class='ocrx_word' id='word_1_209' title='bbox 678 1922 742 1959; x_wconf 90' lang='lat' dir='ltr'>An</span> <span class='ocrx_word' id='word_1_210' title='bbox 776 1935 848 1967; x_wconf 86' lang='lat' dir='ltr'>me,</span> <span class='ocrx_word' id='word_1_211' title='bbox 884 1923 989 1971; x_wconf 90' lang='lat' dir='ltr'>quod</span> <span class='ocrx_word' id='word_1_212' title='bbox 1023 1934 1102 1959; x_wconf 89' lang='lat' dir='ltr'>non</span> <span class='ocrx_word' id='word_1_213' title='bbox 1133 1922 1292 1958; x_wconf 83' lang='lat' dir='ltr'>dictator</span> <span class='ocrx_word' id='word_1_214' title='bbox 1325 1921 1446 1965; x_wconf 91' lang='lat' dir='ltr'>vobis,</span> <span class='ocrx_word' id='word_1_215' title='bbox 1479 1919 1546 1957; x_wconf 90' lang='lat' dir='ltr'>sed</span> 
     </span>
     <span class='ocr_line' id='line_1_29' title="bbox 292 1985 1545 2037; baseline 0 -15"><span class='ocrx_word' id='word_1_216' title='bbox 292 1987 462 2023; x_wconf 91' lang='lat' dir='ltr'>tribunus</span> <span class='ocrx_word' id='word_1_217' title='bbox 503 1987 657 2037; x_wconf 90' lang='lat' dir='ltr'>signum</span> <span class='ocrx_word' id='word_1_218' title='bbox 696 1988 794 2033; x_wconf 91' lang='lat' dir='ltr'>dedi,</span> <span class='ocrx_word' id='word_1_219' title='bbox 829 2000 909 2025; x_wconf 86' lang='lat' dir='ltr'>non</span> <span class='ocrx_word' id='word_1_220' title='bbox 943 1987 1152 2036; x_wconf 83' lang='lat' dir='ltr'>agnoscitis</span> <span class='ocrx_word' id='word_1_221' title='bbox 1185 1987 1348 2023; x_wconf 87' lang='lat' dir='ltr'>ducem?</span> <span class='ocrx_word' id='word_1_222' title='bbox 1407 1985 1545 2034; x_wconf 90' lang='lat' dir='ltr'>Neque</span> 
     </span>
     <span class='ocr_line' id='line_1_30' title="bbox 292 2050 1544 2102; baseline 0 -15"><span class='ocrx_word' id='word_1_223' title='bbox 292 2063 365 2100; x_wconf 87' lang='lat' dir='ltr'>ego</span> <span class='ocrx_word' id='word_1_224' title='bbox 392 2053 562 2089; x_wconf 85' lang='lat' dir='ltr'>maxima</span> <span class='ocrx_word' id='word_1_225' title='bbox 588 2053 747 2102; x_wconf 84' lang='lat' dir='ltr'>imperia</span> <span class='ocrx_word' id='word_1_226' title='bbox 774 2054 812 2089; x_wconf 85' lang='lat' dir='ltr'>in</span> <span class='ocrx_word' id='word_1_227' title='bbox 838 2065 907 2090; x_wconf 90' lang='lat' dir='ltr'>vos</span> <span class='ocrx_word' id='word_1_228' title='bbox 934 2053 1123 2098; x_wconf 79' lang='lat' dir='ltr'>desidem,</span> <span class='ocrx_word' id='word_1_229' title='bbox 1143 2059 1180 2090; x_wconf 89' lang='lat' dir='ltr'>et</span> <span class='ocrx_word' id='word_1_230' title='bbox 1206 2064 1274 2089; x_wconf 83' lang='lat' dir='ltr'>vos</span> <span class='ocrx_word' id='word_1_231' title='bbox 1298 2052 1336 2088; x_wconf 89' lang='lat' dir='ltr'>in</span> <span class='ocrx_word' id='word_1_232' title='bbox 1363 2063 1425 2088; x_wconf 91' lang='lat' dir='ltr'>me</span> <span class='ocrx_word' id='word_1_233' title='bbox 1452 2050 1544 2088; x_wconf 92' lang='lat' dir='ltr'>nihil</span> 
     </span>
     <span class='ocr_line' id='line_1_31' title="bbox 291 2116 1545 2167; baseline -0.001 -14"><span class='ocrx_word' id='word_1_234' title='bbox 291 2124 439 2165; x_wconf 85' lang='lat' dir='ltr'>praeter</span> <span class='ocrx_word' id='word_1_235' title='bbox 468 2130 530 2154; x_wconf 91' lang='lat' dir='ltr'>me</span> <span class='ocrx_word' id='word_1_236' title='bbox 561 2118 688 2167; x_wconf 84' lang='lat' dir='ltr'>ipsum</span> <span class='ocrx_word' id='word_1_237' title='bbox 717 2118 853 2154; x_wconf 87' lang='lat' dir='ltr'>intueri</span> <span class='ocrx_word' id='word_1_238' title='bbox 887 2117 1018 2163; x_wconf 87' lang='lat' dir='ltr'>decet;</span> <span class='ocrx_word' id='word_1_239' title='bbox 1059 2130 1183 2167; x_wconf 88' lang='lat' dir='ltr'>neque</span> <span class='ocrx_word' id='word_1_240' title='bbox 1218 2117 1321 2154; x_wconf 89' lang='lat' dir='ltr'>enim</span> <span class='ocrx_word' id='word_1_241' title='bbox 1356 2116 1545 2153; x_wconf 86' lang='lat' dir='ltr'>dictatura</span> 
     </span>
     <span class='ocr_line' id='line_1_32' title="bbox 292 2180 1542 2232; baseline 0 -15"><span class='ocrx_word' id='word_1_242' title='bbox 292 2181 385 2218; x_wconf 90' lang='lat' dir='ltr'>mihi</span> <span class='ocrx_word' id='word_1_243' title='bbox 405 2194 576 2232; x_wconf 82' lang='lat' dir='ltr'>unquam</span> <span class='ocrx_word' id='word_1_244' title='bbox 599 2183 748 2221; x_wconf 86' lang='lat' dir='ltr'>animos</span> <span class='ocrx_word' id='word_1_245' title='bbox 769 2183 866 2228; x_wconf 88' lang='lat' dir='ltr'>fecit,</span> <span class='ocrx_word' id='word_1_246' title='bbox 887 2190 928 2219; x_wconf 91' lang='lat' dir='ltr'>ut</span> <span class='ocrx_word' id='word_1_247' title='bbox 949 2195 995 2220; x_wconf 90' lang='lat' dir='ltr'>ne</span> <span class='ocrx_word' id='word_1_248' title='bbox 1015 2183 1187 2220; x_wconf 87' lang='lat' dir='ltr'>exsilium</span> <span class='ocrx_word' id='word_1_249' title='bbox 1209 2182 1365 2232; x_wconf 89' lang='lat' dir='ltr'>quidem</span> <span class='ocrx_word' id='word_1_250' title='bbox 1389 2180 1542 2218; x_wconf 88' lang='lat' dir='ltr'>ademit.</span> 
     </span>
     <span class='ocr_line' id='line_1_33' title="bbox 258 2245 1542 2298; baseline 0.001 -15"><span class='ocrx_word' id='word_1_251' title='bbox 258 2249 277 2278; x_wconf 85' lang='lat'><strong>6</strong></span> <span class='ocrx_word' id='word_1_252' title='bbox 291 2246 413 2284; x_wconf 90' lang='lat' dir='ltr'>Iidem</span> <span class='ocrx_word' id='word_1_253' title='bbox 434 2248 546 2297; x_wconf 90' lang='lat' dir='ltr'>igitur</span> <span class='ocrx_word' id='word_1_254' title='bbox 566 2260 701 2286; x_wconf 88' lang='lat' dir='ltr'>omnes</span> <span class='ocrx_word' id='word_1_255' title='bbox 723 2260 864 2294; x_wconf 88' lang='lat' dir='ltr'>sumus,</span> <span class='ocrx_word' id='word_1_256' title='bbox 886 2255 922 2286; x_wconf 90' lang='lat' dir='ltr'>et</span> <span class='ocrx_word' id='word_1_257' title='bbox 946 2260 1065 2298; x_wconf 88' lang='lat' dir='ltr'>quum</span> <span class='ocrx_word' id='word_1_258' title='bbox 1088 2248 1222 2286; x_wconf 84' lang='lat' dir='ltr'>eadem</span> <span class='ocrx_word' id='word_1_259' title='bbox 1247 2247 1379 2285; x_wconf 88' lang='lat' dir='ltr'>omnia</span> <span class='ocrx_word' id='word_1_260' title='bbox 1401 2246 1441 2284; x_wconf 90' lang='lat' dir='ltr'>in</span> <span class='ocrx_word' id='word_1_261' title='bbox 1468 2245 1542 2284; x_wconf 89' lang='lat' dir='ltr'>hoc</span> 
     </span>
    </p>
   </div>
  </div>
 </body>
</html>
