1670 2532
262 159 314 201 72
614 156 744 197 LJVJJ,
775 157 912 189 BOOK
939 157 976 188 V.
1001 147 1067 200 28,
1091 160 1157 201 29.

58 272 138 301 nc.
157 264 357 301 394.bene
381 270 489 312 gesta
512 270 667 301 euntem
693 263 814 300 adorti
838 263 976 312 Aequi,
997 270 1137 300 terrore
1163 263 1311 308 iniecto,
1332 263 1370 299 in
1389 263 1517 312 proxi-

262 341 348 367 mos
367 329 586 378 compulere
607 329 794 375 tumulos余
820 341 1012 378 pavorque
1029 329 1116 366 inde
1129 329 1384 378 Verruginem
1403 329 1518 365 etiam

233 394 313 438 gad
344 394 576 444 praesidium
609 394 767 431 alterum
798 401 854 431 est
887 395 1061 443 perlatus.
1119 394 1346 437 Postumius,
1374 393 1450 430 suis
1478 393 1519 428 in

262 467 385 496 tutum
416 460 584 508 receptis,
613 471 733 508 quum
765 459 946 497 contione
977 460 1160 497 advocata
1190 467 1371 496 terrorem
1397 458 1518 495 incre-

262 532 366 574 paret
392 537 436 562 ac
462 525 603 574 fugam,
625 525 728 562 susos
754 537 837 562 esse
864 526 912 562 ab
939 525 1182 574 ignavissimo
1209 537 1252 562 ac
1276 524 1519 573 fugacissimo

262 589 380 635 hoste,
401 590 616 627 conclamat
642 590 840 627 universus
865 591 1062 635 exercitus,
1084 591 1218 628 merito
1248 602 1288 628 se
1318 602 1363 627 ea
1391 588 1519 626 audire

264 663 301 693 et
321 655 424 694 fateri
445 655 653 692 admissum
674 655 870 705 flagitium,
891 656 958 693 sed
978 656 1134 693 eosdem
1159 663 1397 693 correcturos
1423 665 1518 698 esse,

235 734 391 771 9neque
421 721 639 758 diuturnum
669 721 706 757 id
739 721 919 769 gaudium
951 721 1124 759 hostibus
1153 721 1244 759 fore.
1301 721 1520 764 Poscentes,

267 795 306 825 ut
334 787 532 825 confestim
562 786 650 823 inde
679 786 728 823 ad
756 794 878 824 castra
907 786 1072 824 hostium
1102 787 1254 825 duceret
1278 786 1332 836 (et
1361 787 1398 823 in
1428 798 1521 824 con-

267 861 397 903 spectu
417 859 534 897 erant,
556 852 679 901 posita
701 852 741 888 in
766 849 911 903 plano),
931 852 1022 889 nihil
1048 864 1194 901 poenae
1221 853 1459 899 recusabant,
1481 852 1521 889 ni

215 928 255 958 10
269 931 314 956 ea
361 925 448 956 ante
495 924 648 955 noctem
696 924 989 967 expugnassent.
1067 917 1314 955 Collaudatos
1360 929 1522 967 corpora

268 996 399 1022 curare
429 991 657 1034 paratosque
688 996 771 1021 esse
805 990 939 1033 quarta
972 984 1094 1032 vigilia
1128 984 1242 1021 iubet.
1298 983 1348 1021 Et
1381 983 1526 1028 hostes,

265 1057 490 1087 nocturnam
519 1050 650 1099 fugam
679 1062 726 1087 ex
756 1049 903 1087 tumulo
934 1049 1200 1087 Romanorum
1230 1055 1270 1086 ut
1301 1050 1350 1086 ab
1379 1061 1424 1086 ca
1452 1048 1522 1094 via,

265 1127 365 1164 quae
394 1115 535 1152 ferebat
556 1114 819 1164 Verruginem,
841 1115 1099 1160 excluderent,
1121 1115 1223 1152 fuere
1244 1115 1364 1160 obvii余
1410 1126 1523 1163 proe-

269 1181 437 1230 liumque
469 1188 555 1218 ante
586 1180 709 1218 lucem
732 1180 817 1230 (sed
853 1181 943 1218 luna
974 1193 1119 1230 pernox
1151 1178 1246 1231 erat)
1277 1180 1524 1218 commissum

219 1254 258 1283 11
271 1253 339 1284 est.
399 1243 482 1298 [Et]
503 1245 605 1283 haud
624 1246 799 1284 incertius
819 1246 953 1283 diurno
974 1246 1159 1295 proelium
1177 1245 1243 1283 fuit
1255 1259 1264 1291 余
1295 1246 1359 1282 sed
1380 1245 1525 1282 clamor

271 1311 525 1363 Verruginem
544 1311 721 1360 perlatus,
742 1324 860 1360 quum
886 1319 1007 1349 castra
1029 1311 1208 1349 Romana
1234 1311 1428 1349 crederent
1455 1322 1524 1360 op-

270 1377 442 1427 pugnari,
463 1383 611 1414 tantum
640 1377 764 1414 iniecit
792 1378 951 1426 pavoris,
978 1384 1030 1422 ut,
1058 1378 1313 1426 nequicquam
1342 1377 1526 1414 retinente

220 1448 259 1479 1-2
272 1450 386 1492 atque
405 1444 628 1481 obsecrante
648 1444 822 1487 Aemilio,
840 1443 1053 1480 Tusculum
1073 1443 1185 1492 palati
1206 1442 1389 1491 fugerent.
1430 1441 1526 1479 Inde

269 1509 372 1546 fama
387 1507 555 1546 Romam
567 1508 709 1557 perlata
721 1515 787 1553 est,
797 1508 1033 1546 Postumium
1047 1509 1331 1558 exercitumque
1345 1507 1524 1545 occisum.

270 1572 360 1620 Qui,
381 1574 446 1611 ubi
471 1574 593 1623 prima
619 1574 683 1611 lux
711 1582 856 1610 metum
886 1573 1105 1610 insidiarum
1132 1573 1251 1610 effuse
1280 1572 1526 1621 sequentibus

271 1639 428 1684 sustulit,
462 1651 582 1688 quum
624 1639 898 1688 perequitasset
941 1639 1064 1676 aciem
1109 1638 1296 1687 promissa
1341 1644 1526 1686 repetens,

272 1713 422 1743 tantum
449 1705 574 1742 iniecit
600 1705 754 1749 ardoris,
775 1711 815 1740 ut
842 1716 920 1741 non
947 1704 1043 1740 ultra
1072 1703 1314 1740 sustinuerint
1342 1702 1526 1751 impetum

224 1775 263 1805 13
278 1771 416 1820 Aequi.
473 1769 621 1808 Caedes
657 1770 744 1807 inde
782 1769 1016 1818 fugientium,
1050 1768 1171 1817 qualis
1208 1767 1273 1804 ubi
1310 1767 1366 1804 ira
1403 1767 1527 1816 magis

275 1849 392 1886 quam
410 1837 544 1873 virtute
570 1848 629 1873 res
655 1835 806 1885 geritur,
826 1834 875 1872 ad
901 1834 1106 1883 perniciem
1134 1833 1300 1870 hostium
1324 1832 1423 1869 facta
1448 1839 1525 1878 est余

273 1903 493 1951 tristemque
531 1902 581 1938 ab
619 1900 791 1938 Tusculo
833 1899 1020 1943 nuntium,
1054 1899 1308 1948 nequicquam
1352 1897 1529 1934 exterrita

274 1968 432 2012 civitate,
453 1967 595 2004 litterae
615 1978 637 2002 a
658 1965 853 2003 Postumio
874 1964 1060 2001 laureatae
1088 1971 1309 2013 sequuntur,
1330 1963 1528 2000 victoriam

275 2032 405 2083 populi
429 2031 597 2069 Romani
617 2042 710 2077 esse,
734 2031 960 2080 Aequorum
980 2028 1188 2067 exercitum
1208 2027 1383 2066 deletum.
