1626 2532
207 103 259 142 26
753 110 1018 141 EXCURSUS

203 227 231 249 e.
258 214 473 249 sometimes
501 215 593 250 used
611 216 684 261 for
711 216 900 260 questions
925 217 966 249 in
997 214 1057 249 tlte
1083 215 1156 258 3νᾶ
1171 217 1309 260 person
1335 217 1376 249 z'Jz
1410 216 1530 249 oralia

297 271 496 314 obliqua—

346 335 376 369 5.
397 336 428 360 2.
447 327 479 360 8.
507 326 605 371 quod
631 326 766 361 tribuni
794 324 953 360 militum
980 352 988 362 .
1015 353 1024 361 .
1049 352 1059 360 .
1084 329 1321 361 exercerent?
1352 326 1529 372 quidnam

392 381 441 415 illi
462 383 630 416 consules
649 382 779 416 facturi
799 383 947 416 essent?

345 445 376 479 7.
399 445 450 481 15.
471 447 502 470 2.
528 437 655 482 ecquis
675 439 913 482 sequeretur?

346 493 445 527 Such
473 493 685 537 exceptions
715 504 776 527 are
807 493 940 537 chiefly
963 493 1035 528 due
1064 500 1101 528 to
1128 495 1190 528 the
1223 499 1395 528 sentence
1420 492 1531 537 being

390 548 590 582 conceived
623 560 664 582 as
701 560 724 582 a
760 548 970 592 dependent
1007 549 1269 594 interrogative
1299 549 1375 593 (see
1410 549 1530 592 Roby,

390 604 508 638 Latin
529 605 745 646 Grammar,
768 604 867 646 1782,
885 604 1000 649 note).

193 679 230 722 f.
254 680 353 724 aster
369 678 499 723 ‘quia’
516 679 597 713 and
611 679 619 696 ‘
631 679 747 724 quod'
767 686 805 713 to
823 690 971 724 express
989 691 1012 714 a
1029 692 1160 716 reason
1179 680 1465 726 subjectively—

348 743 377 778 5.
400 744 428 768 1.
446 744 480 776 4.
507 735 592 779 quia
619 761 626 768 .
654 761 662 768 .
690 761 697 768 .
725 735 948 770 diremisset.

346 798 376 834 5.
400 799 427 824 1.
447 791 479 824 6.
507 790 607 835 quod
626 790 830 825 excelleret.

253 853 303 897 (7)
330 856 467 888 Verbs
485 857 589 889 used
606 857 887 897 absolutely—

347 918 375 953 5.
395 911 426 943 8.
450 920 501 944 12.
528 922 711 955 praeesse.

343 967 376 999 ὁ.
400 975 451 1007 14.
476 975 527 1009 13.
554 966 712 1001 differre.

347 1029 376 1064 5.
394 1031 450 1064 43.
470 1031 501 1064 3.
529 1022 722 1056 inferebat.

347 1086 376 1120 5.
400 1086 451 1120 17.
474 1086 503 1121 5.
531 1078 683 1112 turbari.

253 1149 303 1192 (8)
331 1151 622 1191 Adjectives—

297 1205 359 1239 the
377 1212 504 1240 neuter
521 1207 637 1250 plural
656 1206 686 1240 is
704 1206 804 1241 often
822 1205 913 1241 used
928 1205 1016 1241 with
1033 1218 1056 1241 a
1073 1217 1172 1241 noun
1189 1207 1223 1241 in
1243 1206 1306 1242 the
1323 1206 1532 1252 genitive—

344 1261 376 1295 6.
393 1270 447 1304 31.
467 1270 498 1304 7.
524 1268 688 1296 extrema
707 1263 846 1296 finium.

346 1324 376 1361 5.
401 1326 427 1350 1.
446 1326 478 1359 4.
505 1318 698 1352 sollemnia
715 1318 900 1352 ludorum.

348 1380 376 1415 5.
400 1381 450 1415 19.
469 1382 501 1415 4.
527 1384 660 1408 aversa
677 1373 792 1408 urbis.

253 1445 303 1490 (9)
331 1448 602 1482 Pronouns—

204 1514 236 1536 (z.
262 1502 364 1536 alius
396 1502 426 1537 is
463 1503 563 1538 osten
597 1504 688 1539 used
736 1504 772 1539 in
817 1504 880 1539 the
919 1515 1026 1539 sense
1065 1503 1107 1538 of
1137 1505 1155 1537 ὁ
1182 1503 1300 1546 ἄλλος,
1327 1503 1408 1539 ‘the
1435 1505 1530 1547 rest,'

300 1557 494 1592 ‘besides.’

348 1621 376 1657 5.
391 1623 447 1655 4ο.
470 1622 498 1658 5.
526 1615 598 1649 alia
615 1615 774 1649 maxime
792 1614 908 1660 plebis
927 1614 1047 1649 turba.

345 1670 378 1703 6.
398 1678 452 1713 25.
471 1679 503 1713 9.
530 1670 631 1704 aliud
650 1671 792 1715 vulgus.

204 1742 233 1774 b.
261 1742 269 1758 ‘
281 1742 437 1786 quisque
449 1742 457 1756 ’
483 1743 517 1776 is
540 1754 563 1776 cz
578 1742 780 1787 fiwozcrile
804 1743 921 1786 word,
941 1742 1137 1788 especially
1156 1742 1192 1777 in
1211 1742 1273 1778 the
1290 1743 1426 1788 phrase
1445 1743 1530 1789 ‘pro

299 1809 338 1832 se
357 1797 533 1843 quisque)

345 1862 376 1895 7.
396 1854 450 1896 36.
469 1862 501 1896 7.
527 1866 592 1899 pro
611 1866 649 1889 se
669 1854 824 1899 quisque
842 1854 991 1888 obviam
1009 1853 1115 1889 effusi
1132 1854 1297 1889 laudant.

347 1917 377 1950 7.
397 1919 451 1952 33.
474 1919 525 1943 10.
553 1909 605 1943 sic
623 1921 689 1954 pro
707 1922 745 1944 se.
765 1910 919 1955 quisque
938 1909 1069 1944 obvios
1087 1909 1248 1945 sternite.
1300 1917 1329 1954 5.
1348 1917 1380 1953 7.
1398 1919 1431 1954 9,
1450 1910 1515 1946 διε.

350 1973 378 2008 5.
401 1974 452 2007 14.
475 1974 503 2009 5.
531 1965 858 2000 honoratissimum
877 1976 1069 2011 quemque.

349 2028 379 2064 5.
399 2031 453 2054 20.
472 2022 504 2055 6.
531 2028 568 2055 ut
590 2020 757 2066 quisque.

349 2084 379 2120 5.
399 2085 454 2119 32.
472 2086 505 2120 9.
532 2076 651 2122 primo
671 2089 817 2123 quoque
835 2083 1012 2123 ternpore.

204 2166 231 2189 c.
254 2158 446 2201 pregnant
463 2169 525 2192 use
543 2158 588 2203 (gf
597 2158 656 2192 tlte
673 2159 963 2193 demonstrative
981 2158 1032 2193 ‘is
1044 2159 1101 2183 '—

347 2223 378 2257 7.
394 2223 448 2260 35.
463 2226 495 2250 2.
521 2228 614 2262 quae
633 2228 717 2262 pars
732 2217 850 2252 maior
865 2217 943 2257 erit,
959 2229 1002 2252 eo
1022 2216 1176 2251 stabitur
1194 2216 1345 2252 consilio
1362 2215 1410 2260 (=
1423 2216 1529 2261 eius).

350 2279 379 2314 5.
403 2280 453 2314 17.
476 2281 527 2306 10.
553 2283 637 2307 eum
656 2284 831 2317 magnum
850 2273 1045 2308 advenisse
1064 2271 1222 2307 hostium
1240 2284 1443 2308 numerum.
