1670 2532
259 79 312 134 98
616 87 744 129 LJVJ’,
774 87 911 120 BOOK
933 87 972 122 V.
993 87 1148 132 49-51·

57 204 139 234 ac.
156 205 245 233 300.
259 206 397 232 manos
416 194 622 233 incurrunt.
680 195 763 232 Iam
783 202 942 232 verterat
963 194 1124 241 fortuna,
1145 195 1221 232 iam
1242 193 1402 232 deorum
1421 206 1516 244 opes

258 260 504 310 humanaque
540 260 699 298 consilia
732 272 812 297 rem
845 259 1063 298 Romanam
1098 260 1338 297 adiuvabant.
1397 260 1517 309 Igitur

260 326 386 375 primo
416 338 606 364 concursu
639 325 741 362 haud
774 326 919 363 maiore
952 334 1153 364 momento
1183 325 1257 362 susi
1287 324 1387 363 Galli
1417 333 1515 371 sunt,

232 398 250 428 6
264 403 380 441 quarn
397 391 445 428 ad
459 391 586 428 Aliam
602 391 778 428 vicerant.
828 391 989 428 Iustiore
1009 391 1127 428 altero
1148 390 1283 428 deinde
1303 390 1449 439 proelio
1469 389 1518 427 ad

263 464 440 494 octavum
460 456 627 505 lapidem
649 455 802 493 Gabina
822 457 892 501 via,
913 468 992 506 quo
1013 469 1053 493 se
1074 469 1120 493 ex
1149 456 1239 504 fuga
1265 455 1515 501 contulerant,

262 521 432 559 eiusdem
457 521 570 558 ductu
597 521 845 571 auspicioque
866 520 1016 559 Camilli
1036 522 1244 558 vincuntur.
1302 520 1361 557 Ibi
1380 519 1518 557 caedes

264 587 394 624 omnia
423 587 607 633 obtinuit,
637 593 760 624 castra
793 587 1003 636 capiuntur,
1030 594 1067 624 et
1100 599 1148 624 ne
1179 586 1333 623 nuntius
1362 585 1519 635 quidem

235 651 383 694 'scladis
415 651 575 689 relictus.
646 650 830 696 Dictator,
860 659 1081 701 recuperata
1110 664 1158 689 ex
1187 651 1360 688 hostibus
1388 650 1518 699 patria,

264 716 502 766 triumphans
522 717 560 753 in
585 717 721 754 urbem
747 717 852 763 redit,
873 717 1045 766 interque
1071 717 1176 755 iocos
1202 717 1393 760 militares,
1420 727 1520 764 quos

264 781 480 819 inconditos
499 782 649 827 iaciunt,
672 781 862 819 Romulus
882 794 926 819 ac
945 794 1085 831 parens
1105 781 1249 831 patriae
1269 781 1520 830 conditorque

235 845 358 883 Salter
388 847 492 884 urbis
521 847 622 884 haud
650 847 755 884 vanis
788 847 962 884 laudibus
995 847 1265 896 appellabatur.
1325 845 1520 883 Servatam

264 910 400 948 deinde
430 912 529 949 bello
554 913 714 962 patriam
740 913 875 949 iterum
901 913 940 949 in
965 924 1058 962 pace
1085 911 1187 948 liaud
1209 911 1322 948 dubie
1349 910 1518 956 servavit,

265 987 384 1025 quum
412 977 605 1026 prohibuit
632 978 785 1026 migrari
806 977 939 1024 Veios,
971 985 1007 1015 et
1041 977 1201 1014 tribunis
1232 988 1311 1014 rem
1340 976 1520 1013 intentius
1543 980 1547 983 “

265 1041 466 1090 agentibus
493 1049 580 1091 post
605 1043 803 1080 incensam
829 1044 963 1080 urbem
987 1049 1023 1080 et
1046 1055 1113 1092 per
1133 1054 1173 1079 se
1193 1042 1372 1079 inclinata
1397 1041 1522 1091 magis

235 1106 377 1155 9plebe
407 1107 455 1144 ad
483 1107 521 1144 id
550 1108 772 1148 consilium:
804 1120 926 1158 eaque
949 1120 1062 1145 causa
1088 1107 1155 1144 suit
1178 1119 1257 1145 non
1284 1106 1521 1144 abdicandae

266 1177 353 1220 post
386 1171 617 1221 triumphum
651 1173 868 1218 dictaturae,
904 1180 1038 1211 senatu
1077 1174 1313 1218 obsecrante,
1352 1184 1401 1209 ne
1438 1183 1520 1209 rem

264 1236 460 1286 publicam
488 1238 528 1274 in
556 1238 702 1275 incerto
731 1239 959 1288 relinqueret
988 1245 1097 1276 statu.

95 1345 166 1379 Ch.
185 1346 279 1382 50,§
301 1353 327 1376 1.
354 1346 518 1377 Camillus
538 1346 680 1388 purifics
705 1348 757 1378 all
777 1347 829 1378 the
853 1349 989 1389 templcs,
1017 1348 1124 1378 makes
1151 1348 1250 1379 Caere
1277 1347 1329 1378 the
1344 1346 1470 1388 friend
1489 1346 1530 1388 of

350 1397 460 1434 Rome,
486 1398 668 1429 establz'slzcs
693 1399 876 1439 Capitoline
893 1409 1013 1439 gamos,
1036 1399 1106 1430 and
1123 1399 1232 1430 orders
1253 1409 1274 1429 a
1297 1399 1412 1439 temple
1434 1403 1465 1429 to
1488 1398 1522 1429 bc

350 1448 435 1479 built
455 1453 486 1479 lo
502 1449 590 1479 Aius
605 1449 771 1481 Locutius.
843 1453 857 1487 ξ
876 1450 904 1480 6.
936 1451 1001 1481 The
1024 1451 1154 1481 rcscucd
1165 1450 1244 1491 gold
1263 1450 1291 1481 is
1312 1449 1520 1487 consecrated,

349 1499 420 1530 aml
447 1499 575 1530 honour
604 1500 691 1540 paid
718 1506 748 1531 lo
786 1501 839 1532 tlte
870 1506 1014 1532 malrons
1045 1502 1116 1532 who
1141 1512 1223 1542 gave
1254 1502 1290 1532 it.
1361 1502 1425 1539 §8.
1454 1502 1487 1532 T
1482 1501 1520 1532 lte

355 1551 517 1582 Tribunes
533 1562 606 1582 now
621 1552 743 1592 agitate
753 1553 817 1594 for
831 1553 1010 1594 ngrration
1027 1559 1057 1584 to
1080 1554 1161 1592 Veii,
1179 1553 1251 1584 and
1268 1564 1324 1584 arc
1339 1552 1472 1594 opposed
1484 1552 1523 1593 by

353 1602 525 1633 Camillus.

236 1692 253 1723 1
322 1679 508 1718 Omnium
544 1684 721 1730 primum,
756 1689 796 1719 ut
834 1690 913 1720 erat
950 1683 1257 1733 diligentissimus
1295 1683 1522 1732 religionum

267 1745 399 1792 cultor,
430 1758 527 1795 quae
562 1747 611 1783 ad
645 1747 738 1785 deos
771 1748 1004 1786 immortales
1035 1749 1284 1798 pertinebant,
1315 1748 1453 1785 rettulit
1485 1756 1522 1786 et

236 1821 254 1851 2
268 1818 420 1848 senatus
439 1811 658 1849 consultum
677 1811 775 1859 facit,
798 1813 886 1850 fana
905 1814 1045 1859 omnia,
1065 1813 1169 1862 quod
1189 1826 1235 1850 ea
1253 1813 1371 1850 hostis
1390 1825 1522 1862 posse-

268 1877 394 1922 disset,
414 1877 704 1923 restituerentur,
726 1879 1015 1916 terminarentur
1043 1880 1372 1928 expiarenturque,
1393 1880 1522 1929 expia—

237 1942 395 1990 3tioque
425 1954 558 1979 eorum
587 1944 624 1980 in
655 1943 758 1980 libris
786 1957 852 1992 per
881 1944 1099 1982 duumviros
1129 1952 1371 1994 quaereretur
1388 1957 1397 1990 ;
1433 1956 1522 1982 cum

267 2005 488 2045 Caeretibus
507 2007 714 2057 hospitium
734 2009 885 2058 publice
905 2009 1019 2055 fieret,
1040 2009 1146 2058 quod
1166 2022 1273 2047 sacra
1293 2010 1424 2059 populi
1445 2009 1522 2048 Ro-

268 2072 371 2108 mani
398 2084 442 2110 ac
468 2073 684 2111 sacerdotes
711 2075 954 2123 recepissent,
984 2075 1249 2124 beneficioque
1279 2075 1360 2112 eius
1389 2074 1523 2124 populi

238 2148 255 2177 4
270 2149 347 2173 non
368 2137 604 2175 intermissus
617 2138 740 2177 honos
760 2139 874 2176 deum
888 2140 1161 2177 immortalium
1175 2146 1295 2185 esset;
1317 2139 1393 2176 ludi
1408 2139 1522 2188 Capi-

268 2201 374 2239 tolini
395 2202 537 2249 fierent,
553 2204 657 2253 quod
677 2203 844 2254 Iuppiter
864 2205 1030 2254 optimus
1049 2205 1240 2242 maximus
1261 2216 1370 2242 suam
1390 2204 1522 2242 sedem
