1736 2521
369 142 448 183 192
700 138 830 181 LJVY,
861 137 998 169 BOOK
1026 137 1105 170 Vll.
1133 130 1196 180 18,
1223 142 1285 183 19.

164 255 247 284 nc.
263 257 351 284 355.
367 244 587 282 consulibus
617 256 705 282 cum
736 244 846 293 plebe
876 255 921 281 ac
949 243 1108 281 tribunis
1136 250 1227 281 erat.
1283 242 1390 306 Figlei
1413 243 1496 302 iam
1517 255 1618 287 suae,
1656 282 1669 295 ,

366 323 444 348 non
484 310 609 348 solum
644 295 794 347 ssfiissiis
832 309 1023 347 ducebant
1061 322 1155 355 esse,
1185 283 1686 358 uffss‘c'css‘fflsfflfitkclfflff

332 386 349 415 4
366 376 507 425 patricii
528 375 783 421 consulatum,
806 375 857 412 ita
877 375 1065 413 ambobus
1091 376 1260 424 patriciis
1287 375 1496 412 mandare:
1527 374 1620 424 quin

365 448 428 479 aut
451 448 532 478 toto
553 440 770 478 cedendum
791 452 886 487 esse,
909 447 950 477 ut
971 440 1141 490 plebeius
1160 442 1234 479 iam
1259 441 1502 490 magistratus
1529 451 1620 477 con-

364 507 508 544 sulatus
539 506 613 552 fiat,
636 512 700 542 aut
729 512 851 543 totum
881 506 1171 555 possidendum,
1195 519 1311 556 quam
1337 505 1620 556 possessionem

331 573 552 620 5i11tegram
582 583 604 608 a
634 571 805 620 patribus
835 571 1084 620 accepissent.
1141 571 1278 608 Plebes
1312 578 1444 609 contra
1472 570 1618 608 fremit:

363 637 455 685 quid
494 648 534 674 se
573 637 707 682 vivere,
742 636 834 685 quid
872 637 910 673 in
945 643 1050 686 parte
1085 636 1223 674 civium
1255 637 1412 682 censeri,
1441 635 1482 683 si,
1515 636 1619 686 quod

364 702 524 738 duorum
552 701 755 739 hominum
781 701 926 748 virtute,
949 700 994 739 L.
1017 700 1135 739 Sextii
1160 714 1204 740 ac
1226 701 1270 740 C.
1295 701 1443 748 Licinii,
1464 708 1618 750 partum

330 773 347 800 (5
363 767 419 812 sit,
442 766 480 803 id
509 768 681 804 obtinere
712 767 875 804 universi
900 780 978 805 non
1006 767 1178 817 possint?
1234 766 1308 805 Vel
1333 779 1443 815 reges
1468 766 1525 803 vel
1552 765 1619 803 de-

332 841 348 872 ῖ
363 832 549 870 cemviros
569 833 627 870 vel
647 833 677 870 si
698 832 803 882 quod
824 833 961 870 tristius
983 833 1027 870 sit
1047 833 1195 882 imperii
1220 844 1375 879 nomen,
1398 831 1619 881 patiendum

362 909 445 934 esse
475 898 612 947 potius,
636 911 751 947 quam
782 898 918 936 ambos
947 899 1128 947 patricios
1157 898 1334 936 consules
1363 897 1514 934 videant
1546 909 1617 934 nec

362 963 400 999 in
438 963 561 1000 vicem
598 970 772 1013 pareatur
805 971 920 1013 atque
958 964 1174 1014 imperetur,
1206 964 1274 1002 sed
1310 975 1400 1013 pars
1433 962 1548 1000 altera
1579 962 1618 999 in

362 1035 518 1066 aeterno
539 1029 701 1078 imperio
721 1029 846 1067 locata
865 1029 1018 1079 plebem
1039 1042 1232 1080 nusquam
1257 1029 1330 1067 alio
1350 1035 1482 1066 natam
1501 1040 1618 1078 quam

329 1094 412 1134 sad
438 1094 679 1132 serviendum
706 1101 824 1144 putet.
881 1095 973 1133 Non
1004 1095 1143 1133 desunt
1171 1095 1311 1133 tribuni
1341 1100 1514 1132 auctores
1542 1100 1617 1131 tur-

363 1160 510 1207 barum,
550 1159 618 1197 sed
656 1161 752 1198 inter
791 1161 1004 1199 concitatos
1042 1173 1109 1211 per
1148 1173 1187 1199 se
1225 1172 1362 1198 omnes
1400 1160 1462 1196 vix
1500 1159 1618 1197 duces

329 1238 346 1261 υ
362 1226 540 1263 eminent.
599 1225 814 1275 Aliquoties
834 1226 972 1264 frustra
992 1227 1030 1264 in
1051 1239 1231 1276 campum
1253 1226 1482 1264 descensum
1497 1237 1617 1275 quum

360 1298 461 1328 esset
477 1291 662 1341 multique
683 1305 750 1341 per
766 1292 971 1330 seditiones
991 1293 1065 1330 acti
1086 1292 1294 1330 comitiales
1315 1292 1405 1339 dies,
1420 1298 1616 1341 postremo
1668 1315 1672 1318 ι

360 1357 478 1394 victae
507 1358 786 1406 perseverantia
816 1358 1020 1396 consulum
1049 1359 1171 1409 plebis
1199 1371 1248 1396 eo
1276 1357 1388 1396 dolor
1415 1358 1549 1407 erupit,
1577 1365 1618 1395 ut

358 1422 543 1469 tribunOS,
558 1430 688 1460 actum
700 1436 783 1462 esse
799 1424 846 1462 de
859 1424 1030 1462 libertate
1043 1424 1291 1462 vociferantes
1307 1423 1617 1473 relinquendum-

359 1499 434 1537 que
455 1500 536 1526 non
555 1501 737 1538 campum
758 1489 834 1527 iam
855 1489 990 1537 solum,
1014 1490 1081 1528 sed
1101 1491 1215 1528 etiam
1235 1491 1368 1527 urbem
1389 1496 1541 1539 captam
1562 1497 1616 1526 at-

359 1565 434 1603 que
448 1565 673 1603 oppressam
686 1567 806 1605 regno
822 1556 1078 1605 patriciorum,
1095 1563 1242 1594 maesta
1261 1556 1370 1606 plebs
1385 1562 1614 1605 sequeretur.

306 1622 346 1651 10
360 1619 550 1657 Consules
570 1620 687 1658 relicti
707 1633 729 1658 a
755 1628 860 1670 parte
886 1621 1030 1671 populi,
1053 1634 1121 1671 per
1142 1621 1437 1671 infrequentiam
1460 1622 1616 1659 comitia

156 1691 239 1720 ac.
256 1693 346 1721 354.
360 1683 478 1722 nihilo
505 1685 660 1734 segnius
686 1686 898 1735 perficiunt.
955 1686 1081 1724 Creati
1105 1687 1284 1725 eonsules
1311 1688 1427 1725 ambo
1455 1687 1612 1736 patricii,

360 1749 415 1787 M.
431 1749 572 1787 Fabius
588 1750 799 1789 Ambustus
816 1753 979 1799 tertium,
995 1752 1043 1789 T.
1060 1752 1275 1799 Quinctius.
1322 1753 1368 1790 In
1386 1752 1614 1802 quibusdam

357 1815 558 1853 annalibus
577 1828 648 1865 pro
669 1816 716 1854 T.
735 1817 919 1864 Quinctio
938 1817 995 1855 M.
1010 1817 1212 1868 Popillium
1233 1818 1431 1856 consulem
1451 1818 1612 1856 invenio.

192 1901 265 1932 Ch,
283 1901 340 1934 19,
359 1901 374 1936 §
402 1906 429 1929 1.
460 1897 566 1928 Tibur
587 1898 734 1931 submils.
809 1902 824 1937 ξ
851 1909 877 1930 2.
909 1900 975 1931 The
990 1901 1099 1941 pcople
1119 1899 1160 1941 qf
1180 1900 1364 1941 Tarquinii
1386 1900 1504 1931 receive
1526 1900 1618 1931 crucl

442 1949 577 1980 reward
583 1950 647 1991 for
664 1950 753 1981 their
766 1952 901 1992 cruelty.
970 1955 985 1989 ξ
1004 1962 1034 1992 4.
1064 1952 1097 1983 T
1092 1952 1130 1983 hc
1153 1952 1319 1982 Samnites
1339 1962 1397 1982 are
1416 1952 1560 1993 accepted
1578 1962 1615 1982 as

441 2002 544 2032 allies.
616 2005 632 2039 §
652 2011 680 2041 5.
708 2003 913 2034 Meanwhile
937 2003 1093 2034 cconomic
1111 2003 1301 2044 gricvanccs
1323 2003 1432 2035 divert
1454 2003 1614 2034 attention

430 2053 526 2094 from
538 2054 699 2095 polilz'cczl.
770 2058 786 2093 ξ
804 2055 834 2087 6.
866 2056 942 2087 Two
958 2055 1132 2096 patrician
1147 2054 1273 2085 consuls
1287 2065 1343 2086 arc
1358 2054 1481 2086 elected.
1533 2055 1615 2085 War

443 2105 471 2135 is
497 2110 527 2137 to
550 2105 583 2137 hc
606 2106 738 2138 carried
757 2116 799 2136 on
823 2107 956 2147 against
982 2107 1080 2138 Caere
1104 2106 1176 2137 and
1195 2106 1248 2137 tlte:
1279 2107 1454 2144 Volscians,
1478 2107 1550 2137 and
1575 2107 1612 2137 T.

441 2157 597 2188 Allanlius
613 2158 641 2188 is
657 2159 778 2189 named
791 2159 954 2190 Dictator.

326 2224 340 2251 1
411 2217 500 2257 Duo
533 2219 632 2257 bella
661 2232 708 2258 eo
740 2232 844 2257 anno
874 2232 1053 2269 prospere
1081 2226 1197 2269 gesta.
1258 2219 1358 2258 Cum
1388 2220 1613 2258 Tiburtibus

355 2296 474 2334 usque
514 2285 563 2323 ad
603 2285 837 2324 deditionem
876 2293 1101 2336 pugnatum.
1161 2285 1315 2324 Sassula
1348 2298 1396 2324 ex
1430 2285 1488 2324 his
1522 2286 1612 2324 urbs
